%YAML 1.1
%TAG !u! tag:unity3d.com,2011:
--- !u!1001 &100100000
Prefab:
  m_ObjectHideFlags: 1
  serializedVersion: 2
  m_Modification:
    m_TransformParent: {fileID: 0}
    m_Modifications: []
    m_RemovedComponents: []
  m_ParentPrefab: {fileID: 0}
  m_RootGameObject: {fileID: 1000014166532130}
  m_IsPrefabParent: 1
--- !u!1 &1000010081370868
GameObject:
  m_ObjectHideFlags: 1
  m_PrefabParentObject: {fileID: 0}
  m_PrefabInternal: {fileID: 100100000}
  serializedVersion: 4
  m_Component:
  - 4: {fileID: 4000012016522726}
  m_Layer: 0
  m_Name: l_wing3
  m_TagString: Untagged
  m_Icon: {fileID: 0}
  m_NavMeshLayer: 0
  m_StaticEditorFlags: 0
  m_IsActive: 1
--- !u!1 &1000010212846376
GameObject:
  m_ObjectHideFlags: 1
  m_PrefabParentObject: {fileID: 0}
  m_PrefabInternal: {fileID: 100100000}
  serializedVersion: 4
  m_Component:
  - 4: {fileID: 4000012795362784}
  m_Layer: 0
  m_Name: r_wing1
  m_TagString: Untagged
  m_Icon: {fileID: 0}
  m_NavMeshLayer: 0
  m_StaticEditorFlags: 0
  m_IsActive: 1
--- !u!1 &1000010274584054
GameObject:
  m_ObjectHideFlags: 1
  m_PrefabParentObject: {fileID: 0}
  m_PrefabInternal: {fileID: 100100000}
  serializedVersion: 4
  m_Component:
  - 4: {fileID: 4000012737381402}
  m_Layer: 0
  m_Name: tail1
  m_TagString: Untagged
  m_Icon: {fileID: 0}
  m_NavMeshLayer: 0
  m_StaticEditorFlags: 0
  m_IsActive: 1
--- !u!1 &1000010641903816
GameObject:
  m_ObjectHideFlags: 1
  m_PrefabParentObject: {fileID: 0}
  m_PrefabInternal: {fileID: 100100000}
  serializedVersion: 4
  m_Component:
  - 4: {fileID: 4000014210694784}
  m_Layer: 0
  m_Name: r_wing2
  m_TagString: Untagged
  m_Icon: {fileID: 0}
  m_NavMeshLayer: 0
  m_StaticEditorFlags: 0
  m_IsActive: 1
--- !u!1 &1000011178984110
GameObject:
  m_ObjectHideFlags: 1
  m_PrefabParentObject: {fileID: 0}
  m_PrefabInternal: {fileID: 100100000}
  serializedVersion: 4
  m_Component:
  - 4: {fileID: 4000012174393762}
  m_Layer: 0
  m_Name: r_wing4
  m_TagString: Untagged
  m_Icon: {fileID: 0}
  m_NavMeshLayer: 0
  m_StaticEditorFlags: 0
  m_IsActive: 1
--- !u!1 &1000011230356312
GameObject:
  m_ObjectHideFlags: 1
  m_PrefabParentObject: {fileID: 0}
  m_PrefabInternal: {fileID: 100100000}
  serializedVersion: 4
  m_Component:
  - 4: {fileID: 4000010495121122}
  - 95: {fileID: 95000013399426320}
  m_Layer: 0
  m_Name: Graphics
  m_TagString: Untagged
  m_Icon: {fileID: 0}
  m_NavMeshLayer: 0
  m_StaticEditorFlags: 0
  m_IsActive: 1
--- !u!1 &1000011532741460
GameObject:
  m_ObjectHideFlags: 1
  m_PrefabParentObject: {fileID: 0}
  m_PrefabInternal: {fileID: 100100000}
  serializedVersion: 4
  m_Component:
  - 4: {fileID: 4000013843376466}
  - 137: {fileID: 137000010521843454}
  m_Layer: 0
  m_Name: dragon
  m_TagString: Untagged
  m_Icon: {fileID: 0}
  m_NavMeshLayer: 0
  m_StaticEditorFlags: 0
  m_IsActive: 1
--- !u!1 &1000011553057806
GameObject:
  m_ObjectHideFlags: 1
  m_PrefabParentObject: {fileID: 0}
  m_PrefabInternal: {fileID: 100100000}
  serializedVersion: 4
  m_Component:
  - 4: {fileID: 4000012356258722}
  m_Layer: 0
  m_Name: hips
  m_TagString: Untagged
  m_Icon: {fileID: 0}
  m_NavMeshLayer: 0
  m_StaticEditorFlags: 0
  m_IsActive: 1
--- !u!1 &1000011656024030
GameObject:
  m_ObjectHideFlags: 1
  m_PrefabParentObject: {fileID: 0}
  m_PrefabInternal: {fileID: 100100000}
  serializedVersion: 4
  m_Component:
  - 4: {fileID: 4000011037021174}
  m_Layer: 0
  m_Name: r_wing3
  m_TagString: Untagged
  m_Icon: {fileID: 0}
  m_NavMeshLayer: 0
  m_StaticEditorFlags: 0
  m_IsActive: 1
--- !u!1 &1000011795474460
GameObject:
  m_ObjectHideFlags: 1
  m_PrefabParentObject: {fileID: 0}
  m_PrefabInternal: {fileID: 100100000}
  serializedVersion: 4
  m_Component:
  - 4: {fileID: 4000013217080426}
  m_Layer: 0
  m_Name: l_foot
  m_TagString: Untagged
  m_Icon: {fileID: 0}
  m_NavMeshLayer: 0
  m_StaticEditorFlags: 0
  m_IsActive: 1
--- !u!1 &1000011796462272
GameObject:
  m_ObjectHideFlags: 1
  m_PrefabParentObject: {fileID: 0}
  m_PrefabInternal: {fileID: 100100000}
  serializedVersion: 4
  m_Component:
  - 4: {fileID: 4000013792370994}
  m_Layer: 0
  m_Name: shoulders
  m_TagString: Untagged
  m_Icon: {fileID: 0}
  m_NavMeshLayer: 0
  m_StaticEditorFlags: 0
  m_IsActive: 1
--- !u!1 &1000012030633040
GameObject:
  m_ObjectHideFlags: 1
  m_PrefabParentObject: {fileID: 0}
  m_PrefabInternal: {fileID: 100100000}
  serializedVersion: 4
  m_Component:
  - 4: {fileID: 4000012153589962}
  - 135: {fileID: 135000012103228290}
  - 114: {fileID: 114000012764630088}
  m_Layer: 0
  m_Name: LilDragonAttackArea
  m_TagString: Untagged
  m_Icon: {fileID: 0}
  m_NavMeshLayer: 0
  m_StaticEditorFlags: 0
  m_IsActive: 1
--- !u!1 &1000012067048404
GameObject:
  m_ObjectHideFlags: 1
  m_PrefabParentObject: {fileID: 0}
  m_PrefabInternal: {fileID: 100100000}
  serializedVersion: 4
  m_Component:
  - 4: {fileID: 4000012704139000}
  m_Layer: 0
  m_Name: l_wing4
  m_TagString: Untagged
  m_Icon: {fileID: 0}
  m_NavMeshLayer: 0
  m_StaticEditorFlags: 0
  m_IsActive: 1
--- !u!1 &1000012161659930
GameObject:
  m_ObjectHideFlags: 1
  m_PrefabParentObject: {fileID: 0}
  m_PrefabInternal: {fileID: 100100000}
  serializedVersion: 4
  m_Component:
  - 4: {fileID: 4000013746561060}
  m_Layer: 0
  m_Name: l_wing1
  m_TagString: Untagged
  m_Icon: {fileID: 0}
  m_NavMeshLayer: 0
  m_StaticEditorFlags: 0
  m_IsActive: 1
--- !u!1 &1000012403642762
GameObject:
  m_ObjectHideFlags: 1
  m_PrefabParentObject: {fileID: 0}
  m_PrefabInternal: {fileID: 100100000}
  serializedVersion: 4
  m_Component:
  - 4: {fileID: 4000011417424734}
  m_Layer: 0
  m_Name: r_leg
  m_TagString: Untagged
  m_Icon: {fileID: 0}
  m_NavMeshLayer: 0
  m_StaticEditorFlags: 0
  m_IsActive: 1
--- !u!1 &1000012687666254
GameObject:
  m_ObjectHideFlags: 0
  m_PrefabParentObject: {fileID: 0}
  m_PrefabInternal: {fileID: 100100000}
  serializedVersion: 4
  m_Component:
  - 4: {fileID: 4000012928032792}
  - 65: {fileID: 65000010905964046}
  - 114: {fileID: 114000010957510792}
  - 114: {fileID: 114000011294007964}
  m_Layer: 0
  m_Name: LilDragonFallArea
  m_TagString: Untagged
  m_Icon: {fileID: 0}
  m_NavMeshLayer: 0
  m_StaticEditorFlags: 0
  m_IsActive: 1
--- !u!1 &1000012739029628
GameObject:
  m_ObjectHideFlags: 1
  m_PrefabParentObject: {fileID: 0}
  m_PrefabInternal: {fileID: 100100000}
  serializedVersion: 4
  m_Component:
  - 4: {fileID: 4000010214994070}
  m_Layer: 0
  m_Name: spine2
  m_TagString: Untagged
  m_Icon: {fileID: 0}
  m_NavMeshLayer: 0
  m_StaticEditorFlags: 0
  m_IsActive: 1
--- !u!1 &1000013031513904
GameObject:
  m_ObjectHideFlags: 1
  m_PrefabParentObject: {fileID: 0}
  m_PrefabInternal: {fileID: 100100000}
  serializedVersion: 4
  m_Component:
  - 4: {fileID: 4000013994008926}
  m_Layer: 0
  m_Name: tail2
  m_TagString: Untagged
  m_Icon: {fileID: 0}
  m_NavMeshLayer: 0
  m_StaticEditorFlags: 0
  m_IsActive: 1
--- !u!1 &1000013186622032
GameObject:
  m_ObjectHideFlags: 1
  m_PrefabParentObject: {fileID: 0}
  m_PrefabInternal: {fileID: 100100000}
  serializedVersion: 4
  m_Component:
  - 4: {fileID: 4000012334760304}
  m_Layer: 0
  m_Name: r_foot
  m_TagString: Untagged
  m_Icon: {fileID: 0}
  m_NavMeshLayer: 0
  m_StaticEditorFlags: 0
  m_IsActive: 1
--- !u!1 &1000013377944830
GameObject:
  m_ObjectHideFlags: 1
  m_PrefabParentObject: {fileID: 0}
  m_PrefabInternal: {fileID: 100100000}
  serializedVersion: 4
  m_Component:
  - 4: {fileID: 4000012052522842}
  m_Layer: 0
  m_Name: l_wing2
  m_TagString: Untagged
  m_Icon: {fileID: 0}
  m_NavMeshLayer: 0
  m_StaticEditorFlags: 0
  m_IsActive: 1
--- !u!1 &1000013424238116
GameObject:
  m_ObjectHideFlags: 1
  m_PrefabParentObject: {fileID: 0}
  m_PrefabInternal: {fileID: 100100000}
  serializedVersion: 4
  m_Component:
  - 4: {fileID: 4000010879911226}
  m_Layer: 0
  m_Name: neck
  m_TagString: Untagged
  m_Icon: {fileID: 0}
  m_NavMeshLayer: 0
  m_StaticEditorFlags: 0
  m_IsActive: 1
--- !u!1 &1000013466956386
GameObject:
  m_ObjectHideFlags: 1
  m_PrefabParentObject: {fileID: 0}
  m_PrefabInternal: {fileID: 100100000}
  serializedVersion: 4
  m_Component:
  - 4: {fileID: 4000011592663272}
  m_Layer: 0
  m_Name: head
  m_TagString: Untagged
  m_Icon: {fileID: 0}
  m_NavMeshLayer: 0
  m_StaticEditorFlags: 0
  m_IsActive: 1
--- !u!1 &1000013484905082
GameObject:
  m_ObjectHideFlags: 1
  m_PrefabParentObject: {fileID: 0}
  m_PrefabInternal: {fileID: 100100000}
  serializedVersion: 4
  m_Component:
  - 4: {fileID: 4000011456639968}
  m_Layer: 0
  m_Name: l_leg
  m_TagString: Untagged
  m_Icon: {fileID: 0}
  m_NavMeshLayer: 0
  m_StaticEditorFlags: 0
  m_IsActive: 1
--- !u!1 &1000013573445556
GameObject:
  m_ObjectHideFlags: 0
  m_PrefabParentObject: {fileID: 0}
  m_PrefabInternal: {fileID: 100100000}
  serializedVersion: 4
  m_Component:
  - 4: {fileID: 4000011028174278}
  - 135: {fileID: 135000013854632886}
  - 114: {fileID: 114000010301769878}
  - 114: {fileID: 114000010219433134}
  - 114: {fileID: 114000012703362374}
  m_Layer: 8
  m_Name: LilDragon
  m_TagString: Untagged
  m_Icon: {fileID: 0}
  m_NavMeshLayer: 0
  m_StaticEditorFlags: 0
  m_IsActive: 1
--- !u!1 &1000014166532130
GameObject:
  m_ObjectHideFlags: 0
  m_PrefabParentObject: {fileID: 0}
  m_PrefabInternal: {fileID: 100100000}
  serializedVersion: 4
  m_Component:
  - 4: {fileID: 4000010855065902}
  - 114: {fileID: 114000010845667922}
  m_Layer: 0
  m_Name: SideDragon
  m_TagString: Untagged
  m_Icon: {fileID: 0}
  m_NavMeshLayer: 0
  m_StaticEditorFlags: 0
  m_IsActive: 1
--- !u!4 &4000010214994070
Transform:
  m_ObjectHideFlags: 1
  m_PrefabParentObject: {fileID: 0}
  m_PrefabInternal: {fileID: 100100000}
  m_GameObject: {fileID: 1000012739029628}
  m_LocalRotation: {x: 0.17504767, y: 0.9841183, z: -0.0066167125, w: 0.02873593}
  m_LocalPosition: {x: 0.4442315, y: -0.013422723, z: -0.0017379327}
  m_LocalScale: {x: 1, y: 1, z: 1}
  m_LocalEulerAnglesHint: {x: 0, y: 0, z: 0}
  m_Children:
  - {fileID: 4000012737381402}
  m_Father: {fileID: 4000012356258722}
  m_RootOrder: 3
--- !u!4 &4000010495121122
Transform:
  m_ObjectHideFlags: 1
  m_PrefabParentObject: {fileID: 0}
  m_PrefabInternal: {fileID: 100100000}
  m_GameObject: {fileID: 1000011230356312}
  m_LocalRotation: {x: 0, y: 0, z: 0, w: 1}
  m_LocalPosition: {x: 0, y: -1, z: 0}
  m_LocalScale: {x: 1, y: 1, z: 1}
  m_LocalEulerAnglesHint: {x: 0, y: 0, z: 0}
  m_Children:
  - {fileID: 4000013843376466}
  - {fileID: 4000012356258722}
  m_Father: {fileID: 4000011028174278}
  m_RootOrder: 0
--- !u!4 &4000010855065902
Transform:
  m_ObjectHideFlags: 1
  m_PrefabParentObject: {fileID: 0}
  m_PrefabInternal: {fileID: 100100000}
  m_GameObject: {fileID: 1000014166532130}
  m_LocalRotation: {x: 0, y: -0.68334997, z: -0, w: 0.73009104}
  m_LocalPosition: {x: -57.1, y: -3.9517918, z: 2066.5}
  m_LocalScale: {x: 1.2746758, y: 1, z: 1}
  m_LocalEulerAnglesHint: {x: 0, y: 0, z: 0}
  m_Children:
  - {fileID: 4000011028174278}
  - {fileID: 4000012928032792}
  m_Father: {fileID: 0}
  m_RootOrder: 0
--- !u!4 &4000010879911226
Transform:
  m_ObjectHideFlags: 1
  m_PrefabParentObject: {fileID: 0}
  m_PrefabInternal: {fileID: 100100000}
  m_GameObject: {fileID: 1000013424238116}
  m_LocalRotation: {x: -0.000020095204, y: 0.003887802, z: 0.028087063, w: 0.9995979}
  m_LocalPosition: {x: -0.19349575, y: 0.0054187127, z: -9.9226005e-15}
  m_LocalScale: {x: 1, y: 1, z: 1}
  m_LocalEulerAnglesHint: {x: 0, y: 0, z: 0}
  m_Children:
  - {fileID: 4000011592663272}
  m_Father: {fileID: 4000013792370994}
  m_RootOrder: 1
--- !u!4 &4000011028174278
Transform:
  m_ObjectHideFlags: 1
  m_PrefabParentObject: {fileID: 0}
  m_PrefabInternal: {fileID: 100100000}
  m_GameObject: {fileID: 1000013573445556}
  m_LocalRotation: {x: 0, y: 0, z: 0, w: 1}
  m_LocalPosition: {x: 9.42, y: 27.99, z: -95.4}
  m_LocalScale: {x: 1, y: 1, z: 1}
  m_LocalEulerAnglesHint: {x: 0, y: 0, z: 0}
  m_Children:
  - {fileID: 4000010495121122}
  - {fileID: 4000012153589962}
  m_Father: {fileID: 4000010855065902}
  m_RootOrder: 0
--- !u!4 &4000011037021174
Transform:
  m_ObjectHideFlags: 1
  m_PrefabParentObject: {fileID: 0}
  m_PrefabInternal: {fileID: 100100000}
  m_GameObject: {fileID: 1000011656024030}
  m_LocalRotation: {x: -0.00018845219, y: 0.010306339, z: 0.0104838, w: 0.99989194}
  m_LocalPosition: {x: -0.59783477, y: 1.4210854e-16, z: -2.842171e-16}
  m_LocalScale: {x: 1, y: 1, z: 1}
  m_LocalEulerAnglesHint: {x: 0, y: 0, z: 0}
  m_Children:
  - {fileID: 4000012174393762}
  m_Father: {fileID: 4000014210694784}
  m_RootOrder: 0
--- !u!4 &4000011417424734
Transform:
  m_ObjectHideFlags: 1
  m_PrefabParentObject: {fileID: 0}
  m_PrefabInternal: {fileID: 100100000}
  m_GameObject: {fileID: 1000012403642762}
  m_LocalRotation: {x: 0.05130252, y: 0.07902761, z: 0.29903182, w: 0.9495803}
  m_LocalPosition: {x: 0.079575635, y: -0.29882395, z: 0.07535968}
  m_LocalScale: {x: 1, y: 1, z: 1}
  m_LocalEulerAnglesHint: {x: 0, y: 0, z: 0}
  m_Children:
  - {fileID: 4000012334760304}
  m_Father: {fileID: 4000012356258722}
  m_RootOrder: 1
--- !u!4 &4000011456639968
Transform:
  m_ObjectHideFlags: 1
  m_PrefabParentObject: {fileID: 0}
  m_PrefabInternal: {fileID: 100100000}
  m_GameObject: {fileID: 1000013484905082}
  m_LocalRotation: {x: -0.012930294, y: -0.06641878, z: 0.3010101, w: 0.95121723}
  m_LocalPosition: {x: 0.07893339, y: -0.29881933, z: -0.07605172}
  m_LocalScale: {x: 1, y: 1, z: 1}
  m_LocalEulerAnglesHint: {x: 0, y: 0, z: 0}
  m_Children:
  - {fileID: 4000013217080426}
  m_Father: {fileID: 4000012356258722}
  m_RootOrder: 0
--- !u!4 &4000011592663272
Transform:
  m_ObjectHideFlags: 1
  m_PrefabParentObject: {fileID: 0}
  m_PrefabInternal: {fileID: 100100000}
  m_GameObject: {fileID: 1000013466956386}
  m_LocalRotation: {x: -0.27676094, y: -0.6528054, z: -0.27880448, w: 0.64770097}
  m_LocalPosition: {x: -0.26918676, y: 0.0070343507, z: 0.000092404036}
  m_LocalScale: {x: 1, y: 1, z: 1}
  m_LocalEulerAnglesHint: {x: 0, y: 0, z: 0}
  m_Children: []
  m_Father: {fileID: 4000010879911226}
  m_RootOrder: 0
--- !u!4 &4000012016522726
Transform:
  m_ObjectHideFlags: 1
  m_PrefabParentObject: {fileID: 0}
  m_PrefabInternal: {fileID: 100100000}
  m_GameObject: {fileID: 1000010081370868}
  m_LocalRotation: {x: 0.0401662, y: 0.01814674, z: -0.13707067, w: 0.9895802}
  m_LocalPosition: {x: -0.5978305, y: 2.842171e-16, z: 0}
  m_LocalScale: {x: 1, y: 1, z: 1}
  m_LocalEulerAnglesHint: {x: 0, y: 0, z: 0}
  m_Children:
  - {fileID: 4000012704139000}
  m_Father: {fileID: 4000012052522842}
  m_RootOrder: 0
--- !u!4 &4000012052522842
Transform:
  m_ObjectHideFlags: 1
  m_PrefabParentObject: {fileID: 0}
  m_PrefabInternal: {fileID: 100100000}
  m_GameObject: {fileID: 1000013377944830}
  m_LocalRotation: {x: -0.1267958, y: -0.3051638, z: 0.33018324, w: 0.88418156}
  m_LocalPosition: {x: -0.56452984, y: 0, z: 2.4868996e-16}
  m_LocalScale: {x: 1, y: 1, z: 1}
  m_LocalEulerAnglesHint: {x: 0, y: 0, z: 0}
  m_Children:
  - {fileID: 4000012016522726}
  m_Father: {fileID: 4000013746561060}
  m_RootOrder: 0
--- !u!4 &4000012153589962
Transform:
  m_ObjectHideFlags: 1
  m_PrefabParentObject: {fileID: 0}
  m_PrefabInternal: {fileID: 100100000}
  m_GameObject: {fileID: 1000012030633040}
  m_LocalRotation: {x: 0, y: 0, z: 0, w: 1}
  m_LocalPosition: {x: 0, y: 0, z: 0}
  m_LocalScale: {x: 1, y: 1, z: 1}
  m_LocalEulerAnglesHint: {x: 0, y: 0, z: 0}
  m_Children: []
  m_Father: {fileID: 4000011028174278}
  m_RootOrder: 1
--- !u!4 &4000012174393762
Transform:
  m_ObjectHideFlags: 1
  m_PrefabParentObject: {fileID: 0}
  m_PrefabInternal: {fileID: 100100000}
  m_GameObject: {fileID: 1000011178984110}
  m_LocalRotation: {x: -0.010307921, y: -0.00004016609, z: 0.99993926, w: -0.0038963873}
  m_LocalPosition: {x: -0.50877357, y: -1.4210854e-16, z: 5.684342e-16}
  m_LocalScale: {x: 1, y: 1, z: 1}
  m_LocalEulerAnglesHint: {x: 0, y: 0, z: 0}
  m_Children: []
  m_Father: {fileID: 4000011037021174}
  m_RootOrder: 0
--- !u!4 &4000012334760304
Transform:
  m_ObjectHideFlags: 1
  m_PrefabParentObject: {fileID: 0}
  m_PrefabInternal: {fileID: 100100000}
  m_GameObject: {fileID: 1000013186622032}
  m_LocalRotation: {x: 0.4997424, y: -0.38075325, z: 0.61884785, w: 0.4714996}
  m_LocalPosition: {x: -0.2621638, y: -2.1316282e-16, z: 3.5527136e-17}
  m_LocalScale: {x: 1, y: 1, z: 1}
  m_LocalEulerAnglesHint: {x: 0, y: 0, z: 0}
  m_Children: []
  m_Father: {fileID: 4000011417424734}
  m_RootOrder: 0
--- !u!4 &4000012356258722
Transform:
  m_ObjectHideFlags: 1
  m_PrefabParentObject: {fileID: 0}
  m_PrefabInternal: {fileID: 100100000}
  m_GameObject: {fileID: 1000011553057806}
  m_LocalRotation: {x: 0.0026396874, y: 0.7055996, z: 0.002650892, w: 0.70860094}
  m_LocalPosition: {x: 0.00000015258789, y: 0.6770526, z: 0.2704866}
  m_LocalScale: {x: 1.0000001, y: 0.99999994, z: 0.99999994}
  m_LocalEulerAnglesHint: {x: 0, y: 0, z: 0}
  m_Children:
  - {fileID: 4000011456639968}
  - {fileID: 4000011417424734}
  - {fileID: 4000013792370994}
  - {fileID: 4000010214994070}
  m_Father: {fileID: 4000010495121122}
  m_RootOrder: 1
--- !u!4 &4000012704139000
Transform:
  m_ObjectHideFlags: 1
  m_PrefabParentObject: {fileID: 0}
  m_PrefabInternal: {fileID: 100100000}
  m_GameObject: {fileID: 1000012067048404}
  m_LocalRotation: {x: -0.000040170326, y: 0.010307558, z: 0.0038969354, w: 0.9999393}
  m_LocalPosition: {x: -0.5087734, y: 0, z: -1.847411e-15}
  m_LocalScale: {x: 1, y: 1, z: 1}
  m_LocalEulerAnglesHint: {x: 0, y: 0, z: 0}
  m_Children: []
  m_Father: {fileID: 4000012016522726}
  m_RootOrder: 0
--- !u!4 &4000012737381402
Transform:
  m_ObjectHideFlags: 1
  m_PrefabParentObject: {fileID: 0}
  m_PrefabInternal: {fileID: 100100000}
  m_GameObject: {fileID: 1000010274584054}
  m_LocalRotation: {x: -0.0003018082, y: 0.06555774, z: -0.22690322, w: 0.9717083}
  m_LocalPosition: {x: -0.5139202, y: 0.0044936263, z: -0.00015704082}
  m_LocalScale: {x: 1, y: 1, z: 1}
  m_LocalEulerAnglesHint: {x: 0, y: 0, z: 0}
  m_Children:
  - {fileID: 4000013994008926}
  m_Father: {fileID: 4000010214994070}
  m_RootOrder: 0
--- !u!4 &4000012795362784
Transform:
  m_ObjectHideFlags: 1
  m_PrefabParentObject: {fileID: 0}
  m_PrefabInternal: {fileID: 100100000}
  m_GameObject: {fileID: 1000010212846376}
  m_LocalRotation: {x: -0.16823547, y: 0.4805113, z: -0.22757551, w: 0.83006936}
  m_LocalPosition: {x: 0.34450045, y: 0.009258971, z: 0.19762413}
  m_LocalScale: {x: 1, y: 1, z: 1}
  m_LocalEulerAnglesHint: {x: 0, y: 0, z: 0}
  m_Children:
  - {fileID: 4000014210694784}
  m_Father: {fileID: 4000013792370994}
  m_RootOrder: 2
--- !u!4 &4000012928032792
Transform:
  m_ObjectHideFlags: 1
  m_PrefabParentObject: {fileID: 0}
  m_PrefabInternal: {fileID: 100100000}
  m_GameObject: {fileID: 1000012687666254}
  m_LocalRotation: {x: 0, y: 0.681058, z: 0, w: 0.7322296}
  m_LocalPosition: {x: 34.8, y: -2.37, z: -52.6}
  m_LocalScale: {x: 1.3380373, y: 1.6448121, z: 1}
  m_LocalEulerAnglesHint: {x: 0, y: 0, z: 0}
  m_Children: []
  m_Father: {fileID: 4000010855065902}
  m_RootOrder: 1
--- !u!4 &4000013217080426
Transform:
  m_ObjectHideFlags: 1
  m_PrefabParentObject: {fileID: 0}
  m_PrefabInternal: {fileID: 100100000}
  m_GameObject: {fileID: 1000011795474460}
  m_LocalRotation: {x: -0.38075298, y: -0.49974245, z: -0.47149938, w: 0.6188481}
  m_LocalPosition: {x: -0.26216415, y: -1.0658141e-16, z: -3.5527136e-17}
  m_LocalScale: {x: 1, y: 1, z: 1}
  m_LocalEulerAnglesHint: {x: 0, y: 0, z: 0}
  m_Children: []
  m_Father: {fileID: 4000011456639968}
  m_RootOrder: 0
--- !u!4 &4000013746561060
Transform:
  m_ObjectHideFlags: 1
  m_PrefabParentObject: {fileID: 0}
  m_PrefabInternal: {fileID: 100100000}
  m_GameObject: {fileID: 1000012161659930}
  m_LocalRotation: {x: 0.16780208, y: -0.4805257, z: -0.22735983, w: 0.8302078}
  m_LocalPosition: {x: 0.34450084, y: 0.0092586875, z: -0.1932518}
  m_LocalScale: {x: 1, y: 1, z: 1}
  m_LocalEulerAnglesHint: {x: 0, y: 0, z: 0}
  m_Children:
  - {fileID: 4000012052522842}
  m_Father: {fileID: 4000013792370994}
  m_RootOrder: 0
--- !u!4 &4000013792370994
Transform:
  m_ObjectHideFlags: 1
  m_PrefabParentObject: {fileID: 0}
  m_PrefabInternal: {fileID: 100100000}
  m_GameObject: {fileID: 1000011796462272}
  m_LocalRotation: {x: 0.00025601755, y: 0.0021067811, z: 0.113202296, w: 0.9935697}
  m_LocalPosition: {x: -0.51509446, y: 1.4210854e-16, z: -6.578071e-17}
  m_LocalScale: {x: 1, y: 1, z: 1}
  m_LocalEulerAnglesHint: {x: 0, y: 0, z: 0}
  m_Children:
  - {fileID: 4000013746561060}
  - {fileID: 4000010879911226}
  - {fileID: 4000012795362784}
  m_Father: {fileID: 4000012356258722}
  m_RootOrder: 2
--- !u!4 &4000013843376466
Transform:
  m_ObjectHideFlags: 1
  m_PrefabParentObject: {fileID: 0}
  m_PrefabInternal: {fileID: 100100000}
  m_GameObject: {fileID: 1000011532741460}
  m_LocalRotation: {x: 0, y: 0, z: 0, w: 1}
  m_LocalPosition: {x: 0, y: 0, z: 0}
  m_LocalScale: {x: 1, y: 1, z: 1}
  m_LocalEulerAnglesHint: {x: 0, y: 0, z: 0}
  m_Children: []
  m_Father: {fileID: 4000010495121122}
  m_RootOrder: 0
--- !u!4 &4000013994008926
Transform:
  m_ObjectHideFlags: 1
  m_PrefabParentObject: {fileID: 0}
  m_PrefabInternal: {fileID: 100100000}
  m_GameObject: {fileID: 1000013031513904}
  m_LocalRotation: {x: 0.03637749, y: 0.99862474, z: -0.0018579855, w: 0.037707884}
  m_LocalPosition: {x: -0.5696542, y: 0.00008622199, z: -5.1184904e-16}
  m_LocalScale: {x: 1, y: 1, z: 1}
  m_LocalEulerAnglesHint: {x: 0, y: 0, z: 0}
  m_Children: []
  m_Father: {fileID: 4000012737381402}
  m_RootOrder: 0
--- !u!4 &4000014210694784
Transform:
  m_ObjectHideFlags: 1
  m_PrefabParentObject: {fileID: 0}
  m_PrefabInternal: {fileID: 100100000}
  m_GameObject: {fileID: 1000010641903816}
  m_LocalRotation: {x: 0.08391286, y: 0.27349877, z: 0.30632603, w: 0.9079215}
  m_LocalPosition: {x: -0.5645297, y: 5.684342e-16, z: -2.842171e-16}
  m_LocalScale: {x: 1, y: 1, z: 1}
  m_LocalEulerAnglesHint: {x: 0, y: 0, z: 0}
  m_Children:
  - {fileID: 4000011037021174}
  m_Father: {fileID: 4000012795362784}
  m_RootOrder: 0
--- !u!65 &65000010905964046
BoxCollider:
  m_ObjectHideFlags: 1
  m_PrefabParentObject: {fileID: 0}
  m_PrefabInternal: {fileID: 100100000}
  m_GameObject: {fileID: 1000012687666254}
  m_Material: {fileID: 0}
  m_IsTrigger: 1
  m_Enabled: 1
  serializedVersion: 2
  m_Size: {x: 10, y: 6, z: 60}
  m_Center: {x: 0, y: 3, z: -30}
--- !u!95 &95000013399426320
Animator:
  serializedVersion: 3
  m_ObjectHideFlags: 1
  m_PrefabParentObject: {fileID: 0}
  m_PrefabInternal: {fileID: 100100000}
  m_GameObject: {fileID: 1000011230356312}
  m_Enabled: 1
  m_Avatar: {fileID: 9000000, guid: fb46273f4ee2d534881672842a7ba226, type: 3}
  m_Controller: {fileID: 9100000, guid: 07abd2fd76138d54aa4fce6ddcdf9a32, type: 2}
  m_CullingMode: 1
  m_UpdateMode: 0
  m_ApplyRootMotion: 0
  m_LinearVelocityBlending: 0
  m_WarningMessage: 
  m_HasTransformHierarchy: 1
  m_AllowConstantClipSamplingOptimization: 1
--- !u!114 &114000010219433134
MonoBehaviour:
  m_ObjectHideFlags: 1
  m_PrefabParentObject: {fileID: 0}
  m_PrefabInternal: {fileID: 100100000}
  m_GameObject: {fileID: 1000013573445556}
  m_Enabled: 1
  m_EditorHideFlags: 0
  m_Script: {fileID: 11500000, guid: 8362af9083457ee4faf4e7971099b163, type: 3}
  m_Name: 
  m_EditorClassIdentifier: 
  lifeHits: 1
  goRagdoll: 0
  objectToDisable: {fileID: 0}
--- !u!114 &114000010301769878
MonoBehaviour:
  m_ObjectHideFlags: 1
  m_PrefabParentObject: {fileID: 0}
  m_PrefabInternal: {fileID: 100100000}
  m_GameObject: {fileID: 1000013573445556}
  m_Enabled: 1
  m_EditorHideFlags: 0
  m_Script: {fileID: 11500000, guid: ca6de8040e5859743a153c1074e227b9, type: 3}
  m_Name: 
  m_EditorClassIdentifier: 
  lives: 2
  score: 100
  addMultiplierHit: 1
  isCritical: 0
  isDetectableThreat: 0
  threatTarget: {fileID: 0}
  entityRenderer: {fileID: 0}
  hitEffect: {fileID: 120114, guid: dcc6fd9fe71687544a07fc1bcefbe71f, type: 2}
  critEffect: {fileID: 195050, guid: 07d6c41d965ea9647b31708f4eba546e, type: 2}
  entityRagdoll: {fileID: 167126, guid: 7d0b03052bc77df479d4986556ec2d2a, type: 2}
  topEntityBone: {fileID: 4000012356258722}
  force: 500
  entityAnimator: {fileID: 95000013399426320}
  speed: 35
  falling: 0
  attack: 0
  attackTarget: {fileID: 0}
  lastAttackPosition: {x: 0, y: 0, z: 0}
--- !u!114 &114000010845667922
MonoBehaviour:
  m_ObjectHideFlags: 1
  m_PrefabParentObject: {fileID: 0}
  m_PrefabInternal: {fileID: 100100000}
  m_GameObject: {fileID: 1000014166532130}
  m_Enabled: 1
  m_EditorHideFlags: 0
  m_Script: {fileID: 11500000, guid: c00d5186082e140488ae1e4733aa9eb3, type: 3}
  m_Name: 
  m_EditorClassIdentifier: 
  associatedPoint: {fileID: 0}
  alwaysVisible: 0
--- !u!114 &114000010957510792
MonoBehaviour:
  m_ObjectHideFlags: 1
  m_PrefabParentObject: {fileID: 0}
  m_PrefabInternal: {fileID: 100100000}
  m_GameObject: {fileID: 1000012687666254}
  m_Enabled: 1
  m_EditorHideFlags: 0
  m_Script: {fileID: 11500000, guid: 1238d79e7402e7341a1a7e4563b8d6c7, type: 3}
  m_Name: 
  m_EditorClassIdentifier: 
  lilDragonController: {fileID: 114000010301769878}
--- !u!114 &114000011294007964
MonoBehaviour:
  m_ObjectHideFlags: 1
  m_PrefabParentObject: {fileID: 0}
  m_PrefabInternal: {fileID: 100100000}
  m_GameObject: {fileID: 1000012687666254}
  m_Enabled: 1
  m_EditorHideFlags: 0
  m_Script: {fileID: 11500000, guid: ccad05af883ace543a77251c49901ae7, type: 3}
  m_Name: 
  m_EditorClassIdentifier: 
  targetEntity: {fileID: 114000010301769878}
  targetThreatPosition: {fileID: 4000012356258722}
--- !u!114 &114000012703362374
MonoBehaviour:
  m_ObjectHideFlags: 1
  m_PrefabParentObject: {fileID: 0}
  m_PrefabInternal: {fileID: 100100000}
  m_GameObject: {fileID: 1000013573445556}
  m_Enabled: 1
  m_EditorHideFlags: 0
  m_Script: {fileID: 11500000, guid: b54f63368496152458286845e8e5cac2, type: 3}
  m_Name: 
  m_EditorClassIdentifier: 
--- !u!114 &114000012764630088
MonoBehaviour:
  m_ObjectHideFlags: 1
  m_PrefabParentObject: {fileID: 0}
  m_PrefabInternal: {fileID: 100100000}
  m_GameObject: {fileID: 1000012030633040}
  m_Enabled: 1
  m_EditorHideFlags: 0
  m_Script: {fileID: 11500000, guid: da786fb8c8be25548956f74b24db53cf, type: 3}
  m_Name: 
  m_EditorClassIdentifier: 
  lilDragonController: {fileID: 114000010301769878}
--- !u!135 &135000012103228290
SphereCollider:
  m_ObjectHideFlags: 1
  m_PrefabParentObject: {fileID: 0}
  m_PrefabInternal: {fileID: 100100000}
  m_GameObject: {fileID: 1000012030633040}
  m_Material: {fileID: 0}
  m_IsTrigger: 1
  m_Enabled: 1
  serializedVersion: 2
  m_Radius: 2
  m_Center: {x: 0, y: 0, z: 0}
--- !u!135 &135000013854632886
SphereCollider:
  m_ObjectHideFlags: 1
  m_PrefabParentObject: {fileID: 0}
  m_PrefabInternal: {fileID: 100100000}
  m_GameObject: {fileID: 1000013573445556}
  m_Material: {fileID: 0}
  m_IsTrigger: 1
  m_Enabled: 1
  serializedVersion: 2
  m_Radius: 1.5
  m_Center: {x: 0, y: 0, z: 0}
--- !u!137 &137000010521843454
SkinnedMeshRenderer:
  m_ObjectHideFlags: 1
  m_PrefabParentObject: {fileID: 0}
  m_PrefabInternal: {fileID: 100100000}
  m_GameObject: {fileID: 1000011532741460}
  m_Enabled: 1
  m_CastShadows: 1
  m_ReceiveShadows: 1
  m_MotionVectors: 1
  m_LightProbeUsage: 1
  m_ReflectionProbeUsage: 1
  m_Materials:
  - {fileID: 2100000, guid: f9cba09d2287681468f2ae815de44ba7, type: 2}
  m_SubsetIndices: 
  m_StaticBatchRoot: {fileID: 0}
  m_ProbeAnchor: {fileID: 0}
  m_LightProbeVolumeOverride: {fileID: 0}
  m_ScaleInLightmap: 1
  m_PreserveUVs: 0
  m_IgnoreNormalsForChartDetection: 0
  m_ImportantGI: 0
  m_SelectedWireframeHidden: 0
  m_MinimumChartSize: 4
  m_AutoUVMaxDistance: 0.5
  m_AutoUVMaxAngle: 89
  m_LightmapParameters: {fileID: 0}
  m_SortingLayerID: 0
  m_SortingOrder: 0
  serializedVersion: 2
  m_Quality: 0
  m_UpdateWhenOffscreen: 0
  m_SkinnedMotionVectors: 1
  m_Mesh: {fileID: 4300000, guid: fb46273f4ee2d534881672842a7ba226, type: 3}
  m_Bones:
  - {fileID: 4000012356258722}
  - {fileID: 4000013792370994}
  - {fileID: 4000010879911226}
  - {fileID: 4000011592663272}
  - {fileID: 4000013746561060}
  - {fileID: 4000012052522842}
  - {fileID: 4000012016522726}
  - {fileID: 4000012704139000}
  - {fileID: 4000012795362784}
  - {fileID: 4000014210694784}
  - {fileID: 4000011037021174}
  - {fileID: 4000012174393762}
  - {fileID: 4000010214994070}
  - {fileID: 4000012737381402}
  - {fileID: 4000013994008926}
  - {fileID: 4000011456639968}
  - {fileID: 4000013217080426}
  - {fileID: 4000011417424734}
  - {fileID: 4000012334760304}
  m_BlendShapeWeights: []
  m_RootBone: {fileID: 4000012356258722}
  m_AABB:
    m_Center: {x: 0.22810638, y: 0.22526741, z: 0.0007202625}
    m_Extent: {x: 1.5889319, y: 0.8806441, z: 1.8832598}
  m_DirtyAABB: 0
