%YAML 1.1
%TAG !u! tag:unity3d.com,2011:
--- !u!1 &101326
GameObject:
  m_ObjectHideFlags: 1
  m_PrefabParentObject: {fileID: 0}
  m_PrefabInternal: {fileID: 100100000}
  serializedVersion: 4
  m_Component:
  - 4: {fileID: 460678}
  - 95: {fileID: 9581480}
  m_Layer: 0
  m_Name: Graphics
  m_TagString: Untagged
  m_Icon: {fileID: 0}
  m_NavMeshLayer: 0
  m_StaticEditorFlags: 0
  m_IsActive: 1
--- !u!1 &101348
GameObject:
  m_ObjectHideFlags: 1
  m_PrefabParentObject: {fileID: 0}
  m_PrefabInternal: {fileID: 100100000}
  serializedVersion: 4
  m_Component:
  - 4: {fileID: 409432}
  m_Layer: 0
  m_Name: l_wing4
  m_TagString: Untagged
  m_Icon: {fileID: 0}
  m_NavMeshLayer: 0
  m_StaticEditorFlags: 0
  m_IsActive: 1
--- !u!1 &102054
GameObject:
  m_ObjectHideFlags: 1
  m_PrefabParentObject: {fileID: 0}
  m_PrefabInternal: {fileID: 100100000}
  serializedVersion: 4
  m_Component:
  - 4: {fileID: 449998}
  m_Layer: 0
  m_Name: l_foot
  m_TagString: Untagged
  m_Icon: {fileID: 0}
  m_NavMeshLayer: 0
  m_StaticEditorFlags: 0
  m_IsActive: 1
--- !u!1 &103642
GameObject:
  m_ObjectHideFlags: 1
  m_PrefabParentObject: {fileID: 0}
  m_PrefabInternal: {fileID: 100100000}
  serializedVersion: 4
  m_Component:
  - 4: {fileID: 446090}
  m_Layer: 0
  m_Name: spine2
  m_TagString: Untagged
  m_Icon: {fileID: 0}
  m_NavMeshLayer: 0
  m_StaticEditorFlags: 0
  m_IsActive: 1
--- !u!1 &104344
GameObject:
  m_ObjectHideFlags: 0
  m_PrefabParentObject: {fileID: 0}
  m_PrefabInternal: {fileID: 100100000}
  serializedVersion: 4
  m_Component:
  - 4: {fileID: 407928}
  - 114: {fileID: 11406426}
  m_Layer: 0
  m_Name: LilDragonArea (2)
  m_TagString: Untagged
  m_Icon: {fileID: 0}
  m_NavMeshLayer: 0
  m_StaticEditorFlags: 0
  m_IsActive: 1
--- !u!1 &104988
GameObject:
  m_ObjectHideFlags: 1
  m_PrefabParentObject: {fileID: 0}
  m_PrefabInternal: {fileID: 100100000}
  serializedVersion: 4
  m_Component:
  - 4: {fileID: 429608}
  - 137: {fileID: 13767084}
  m_Layer: 0
  m_Name: dragon
  m_TagString: Untagged
  m_Icon: {fileID: 0}
  m_NavMeshLayer: 0
  m_StaticEditorFlags: 0
  m_IsActive: 1
--- !u!1 &106028
GameObject:
  m_ObjectHideFlags: 1
  m_PrefabParentObject: {fileID: 0}
  m_PrefabInternal: {fileID: 100100000}
  serializedVersion: 4
  m_Component:
  - 4: {fileID: 485112}
  m_Layer: 0
  m_Name: tail2
  m_TagString: Untagged
  m_Icon: {fileID: 0}
  m_NavMeshLayer: 0
  m_StaticEditorFlags: 0
  m_IsActive: 1
--- !u!1 &106066
GameObject:
  m_ObjectHideFlags: 1
  m_PrefabParentObject: {fileID: 0}
  m_PrefabInternal: {fileID: 100100000}
  serializedVersion: 4
  m_Component:
  - 4: {fileID: 445326}
  m_Layer: 0
  m_Name: l_wing2
  m_TagString: Untagged
  m_Icon: {fileID: 0}
  m_NavMeshLayer: 0
  m_StaticEditorFlags: 0
  m_IsActive: 1
--- !u!1 &107780
GameObject:
  m_ObjectHideFlags: 1
  m_PrefabParentObject: {fileID: 0}
  m_PrefabInternal: {fileID: 100100000}
  serializedVersion: 4
  m_Component:
  - 4: {fileID: 476322}
  - 95: {fileID: 9552114}
  m_Layer: 0
  m_Name: Graphics
  m_TagString: Untagged
  m_Icon: {fileID: 0}
  m_NavMeshLayer: 0
  m_StaticEditorFlags: 0
  m_IsActive: 1
--- !u!1 &108054
GameObject:
  m_ObjectHideFlags: 1
  m_PrefabParentObject: {fileID: 0}
  m_PrefabInternal: {fileID: 100100000}
  serializedVersion: 4
  m_Component:
  - 4: {fileID: 487442}
  m_Layer: 0
  m_Name: l_wing3
  m_TagString: Untagged
  m_Icon: {fileID: 0}
  m_NavMeshLayer: 0
  m_StaticEditorFlags: 0
  m_IsActive: 1
--- !u!1 &111108
GameObject:
  m_ObjectHideFlags: 1
  m_PrefabParentObject: {fileID: 0}
  m_PrefabInternal: {fileID: 100100000}
  serializedVersion: 4
  m_Component:
  - 4: {fileID: 448168}
  - 65: {fileID: 6558892}
  - 114: {fileID: 11477412}
  - 114: {fileID: 11485534}
  m_Layer: 0
  m_Name: LilDragonFallArea
  m_TagString: Untagged
  m_Icon: {fileID: 0}
  m_NavMeshLayer: 0
  m_StaticEditorFlags: 0
  m_IsActive: 0
--- !u!1 &112432
GameObject:
  m_ObjectHideFlags: 1
  m_PrefabParentObject: {fileID: 0}
  m_PrefabInternal: {fileID: 100100000}
  serializedVersion: 4
  m_Component:
  - 4: {fileID: 497098}
  m_Layer: 0
  m_Name: l_wing3
  m_TagString: Untagged
  m_Icon: {fileID: 0}
  m_NavMeshLayer: 0
  m_StaticEditorFlags: 0
  m_IsActive: 1
--- !u!1 &113090
GameObject:
  m_ObjectHideFlags: 1
  m_PrefabParentObject: {fileID: 0}
  m_PrefabInternal: {fileID: 100100000}
  serializedVersion: 4
  m_Component:
  - 4: {fileID: 432598}
  - 135: {fileID: 13538726}
  - 114: {fileID: 11445286}
  - 114: {fileID: 11462104}
  - 114: {fileID: 11459358}
  m_Layer: 8
  m_Name: LilDragon
  m_TagString: Untagged
  m_Icon: {fileID: 0}
  m_NavMeshLayer: 0
  m_StaticEditorFlags: 0
  m_IsActive: 1
--- !u!1 &113318
GameObject:
  m_ObjectHideFlags: 1
  m_PrefabParentObject: {fileID: 0}
  m_PrefabInternal: {fileID: 100100000}
  serializedVersion: 4
  m_Component:
  - 4: {fileID: 472506}
  m_Layer: 0
  m_Name: r_wing2
  m_TagString: Untagged
  m_Icon: {fileID: 0}
  m_NavMeshLayer: 0
  m_StaticEditorFlags: 0
  m_IsActive: 1
--- !u!1 &114672
GameObject:
  m_ObjectHideFlags: 1
  m_PrefabParentObject: {fileID: 0}
  m_PrefabInternal: {fileID: 100100000}
  serializedVersion: 4
  m_Component:
  - 4: {fileID: 452088}
  m_Layer: 0
  m_Name: l_wing2
  m_TagString: Untagged
  m_Icon: {fileID: 0}
  m_NavMeshLayer: 0
  m_StaticEditorFlags: 0
  m_IsActive: 1
--- !u!1 &114916
GameObject:
  m_ObjectHideFlags: 1
  m_PrefabParentObject: {fileID: 0}
  m_PrefabInternal: {fileID: 100100000}
  serializedVersion: 4
  m_Component:
  - 4: {fileID: 446804}
  m_Layer: 0
  m_Name: r_wing1
  m_TagString: Untagged
  m_Icon: {fileID: 0}
  m_NavMeshLayer: 0
  m_StaticEditorFlags: 0
  m_IsActive: 1
--- !u!1 &115142
GameObject:
  m_ObjectHideFlags: 1
  m_PrefabParentObject: {fileID: 0}
  m_PrefabInternal: {fileID: 100100000}
  serializedVersion: 4
  m_Component:
  - 4: {fileID: 424436}
  m_Layer: 0
  m_Name: tail1
  m_TagString: Untagged
  m_Icon: {fileID: 0}
  m_NavMeshLayer: 0
  m_StaticEditorFlags: 0
  m_IsActive: 1
--- !u!1 &115348
GameObject:
  m_ObjectHideFlags: 1
  m_PrefabParentObject: {fileID: 0}
  m_PrefabInternal: {fileID: 100100000}
  serializedVersion: 4
  m_Component:
  - 4: {fileID: 462652}
  m_Layer: 0
  m_Name: r_leg
  m_TagString: Untagged
  m_Icon: {fileID: 0}
  m_NavMeshLayer: 0
  m_StaticEditorFlags: 0
  m_IsActive: 1
--- !u!1 &116748
GameObject:
  m_ObjectHideFlags: 1
  m_PrefabParentObject: {fileID: 0}
  m_PrefabInternal: {fileID: 100100000}
  serializedVersion: 4
  m_Component:
  - 4: {fileID: 433906}
  m_Layer: 0
  m_Name: shoulders
  m_TagString: Untagged
  m_Icon: {fileID: 0}
  m_NavMeshLayer: 0
  m_StaticEditorFlags: 0
  m_IsActive: 1
--- !u!1 &117538
GameObject:
  m_ObjectHideFlags: 1
  m_PrefabParentObject: {fileID: 0}
  m_PrefabInternal: {fileID: 100100000}
  serializedVersion: 4
  m_Component:
  - 4: {fileID: 422172}
  m_Layer: 0
  m_Name: r_leg
  m_TagString: Untagged
  m_Icon: {fileID: 0}
  m_NavMeshLayer: 0
  m_StaticEditorFlags: 0
  m_IsActive: 1
--- !u!1 &117862
GameObject:
  m_ObjectHideFlags: 1
  m_PrefabParentObject: {fileID: 0}
  m_PrefabInternal: {fileID: 100100000}
  serializedVersion: 4
  m_Component:
  - 4: {fileID: 423906}
  m_Layer: 0
  m_Name: r_wing2
  m_TagString: Untagged
  m_Icon: {fileID: 0}
  m_NavMeshLayer: 0
  m_StaticEditorFlags: 0
  m_IsActive: 1
--- !u!1 &119848
GameObject:
  m_ObjectHideFlags: 1
  m_PrefabParentObject: {fileID: 0}
  m_PrefabInternal: {fileID: 100100000}
  serializedVersion: 4
  m_Component:
  - 4: {fileID: 472354}
  m_Layer: 0
  m_Name: tail2
  m_TagString: Untagged
  m_Icon: {fileID: 0}
  m_NavMeshLayer: 0
  m_StaticEditorFlags: 0
  m_IsActive: 1
--- !u!1 &121074
GameObject:
  m_ObjectHideFlags: 1
  m_PrefabParentObject: {fileID: 0}
  m_PrefabInternal: {fileID: 100100000}
  serializedVersion: 4
  m_Component:
  - 4: {fileID: 473482}
  m_Layer: 0
  m_Name: neck
  m_TagString: Untagged
  m_Icon: {fileID: 0}
  m_NavMeshLayer: 0
  m_StaticEditorFlags: 0
  m_IsActive: 1
--- !u!1 &121306
GameObject:
  m_ObjectHideFlags: 1
  m_PrefabParentObject: {fileID: 0}
  m_PrefabInternal: {fileID: 100100000}
  serializedVersion: 4
  m_Component:
  - 4: {fileID: 492548}
  - 137: {fileID: 13769996}
  m_Layer: 0
  m_Name: dragon
  m_TagString: Untagged
  m_Icon: {fileID: 0}
  m_NavMeshLayer: 0
  m_StaticEditorFlags: 0
  m_IsActive: 1
--- !u!1 &122042
GameObject:
  m_ObjectHideFlags: 1
  m_PrefabParentObject: {fileID: 0}
  m_PrefabInternal: {fileID: 100100000}
  serializedVersion: 4
  m_Component:
  - 4: {fileID: 432354}
  - 135: {fileID: 13559198}
  - 114: {fileID: 11410712}
  m_Layer: 0
  m_Name: LilDragonAttackArea
  m_TagString: Untagged
  m_Icon: {fileID: 0}
  m_NavMeshLayer: 0
  m_StaticEditorFlags: 0
  m_IsActive: 1
--- !u!1 &126336
GameObject:
  m_ObjectHideFlags: 1
  m_PrefabParentObject: {fileID: 0}
  m_PrefabInternal: {fileID: 100100000}
  serializedVersion: 4
  m_Component:
  - 4: {fileID: 465880}
  m_Layer: 0
  m_Name: neck
  m_TagString: Untagged
  m_Icon: {fileID: 0}
  m_NavMeshLayer: 0
  m_StaticEditorFlags: 0
  m_IsActive: 1
--- !u!1 &128814
GameObject:
  m_ObjectHideFlags: 1
  m_PrefabParentObject: {fileID: 0}
  m_PrefabInternal: {fileID: 100100000}
  serializedVersion: 4
  m_Component:
  - 4: {fileID: 462076}
  m_Layer: 0
  m_Name: tail2
  m_TagString: Untagged
  m_Icon: {fileID: 0}
  m_NavMeshLayer: 0
  m_StaticEditorFlags: 0
  m_IsActive: 1
--- !u!1 &130230
GameObject:
  m_ObjectHideFlags: 1
  m_PrefabParentObject: {fileID: 0}
  m_PrefabInternal: {fileID: 100100000}
  serializedVersion: 4
  m_Component:
  - 4: {fileID: 497570}
  m_Layer: 0
  m_Name: head
  m_TagString: Untagged
  m_Icon: {fileID: 0}
  m_NavMeshLayer: 0
  m_StaticEditorFlags: 0
  m_IsActive: 1
--- !u!1 &130838
GameObject:
  m_ObjectHideFlags: 1
  m_PrefabParentObject: {fileID: 0}
  m_PrefabInternal: {fileID: 100100000}
  serializedVersion: 4
  m_Component:
  - 4: {fileID: 497448}
  m_Layer: 0
  m_Name: r_wing1
  m_TagString: Untagged
  m_Icon: {fileID: 0}
  m_NavMeshLayer: 0
  m_StaticEditorFlags: 0
  m_IsActive: 1
--- !u!1 &131064
GameObject:
  m_ObjectHideFlags: 1
  m_PrefabParentObject: {fileID: 0}
  m_PrefabInternal: {fileID: 100100000}
  serializedVersion: 4
  m_Component:
  - 4: {fileID: 488120}
  m_Layer: 0
  m_Name: r_foot
  m_TagString: Untagged
  m_Icon: {fileID: 0}
  m_NavMeshLayer: 0
  m_StaticEditorFlags: 0
  m_IsActive: 1
--- !u!1 &131430
GameObject:
  m_ObjectHideFlags: 1
  m_PrefabParentObject: {fileID: 0}
  m_PrefabInternal: {fileID: 100100000}
  serializedVersion: 4
  m_Component:
  - 4: {fileID: 475534}
  - 135: {fileID: 13567168}
  - 114: {fileID: 11478168}
  m_Layer: 0
  m_Name: LilDragonAttackArea
  m_TagString: Untagged
  m_Icon: {fileID: 0}
  m_NavMeshLayer: 0
  m_StaticEditorFlags: 0
  m_IsActive: 1
--- !u!1 &132556
GameObject:
  m_ObjectHideFlags: 1
  m_PrefabParentObject: {fileID: 0}
  m_PrefabInternal: {fileID: 100100000}
  serializedVersion: 4
  m_Component:
  - 4: {fileID: 411368}
  - 95: {fileID: 9589292}
  m_Layer: 0
  m_Name: Graphics
  m_TagString: Untagged
  m_Icon: {fileID: 0}
  m_NavMeshLayer: 0
  m_StaticEditorFlags: 0
  m_IsActive: 1
--- !u!1 &133128
GameObject:
  m_ObjectHideFlags: 1
  m_PrefabParentObject: {fileID: 0}
  m_PrefabInternal: {fileID: 100100000}
  serializedVersion: 4
  m_Component:
  - 4: {fileID: 466480}
  m_Layer: 0
  m_Name: l_leg
  m_TagString: Untagged
  m_Icon: {fileID: 0}
  m_NavMeshLayer: 0
  m_StaticEditorFlags: 0
  m_IsActive: 1
--- !u!1 &134616
GameObject:
  m_ObjectHideFlags: 1
  m_PrefabParentObject: {fileID: 0}
  m_PrefabInternal: {fileID: 100100000}
  serializedVersion: 4
  m_Component:
  - 4: {fileID: 499972}
  m_Layer: 0
  m_Name: r_leg
  m_TagString: Untagged
  m_Icon: {fileID: 0}
  m_NavMeshLayer: 0
  m_StaticEditorFlags: 0
  m_IsActive: 1
--- !u!1 &136780
GameObject:
  m_ObjectHideFlags: 1
  m_PrefabParentObject: {fileID: 0}
  m_PrefabInternal: {fileID: 100100000}
  serializedVersion: 4
  m_Component:
  - 4: {fileID: 456922}
  m_Layer: 0
  m_Name: l_wing4
  m_TagString: Untagged
  m_Icon: {fileID: 0}
  m_NavMeshLayer: 0
  m_StaticEditorFlags: 0
  m_IsActive: 1
--- !u!1 &138492
GameObject:
  m_ObjectHideFlags: 1
  m_PrefabParentObject: {fileID: 0}
  m_PrefabInternal: {fileID: 100100000}
  serializedVersion: 4
  m_Component:
  - 4: {fileID: 441496}
  m_Layer: 0
  m_Name: tail1
  m_TagString: Untagged
  m_Icon: {fileID: 0}
  m_NavMeshLayer: 0
  m_StaticEditorFlags: 0
  m_IsActive: 1
--- !u!1 &142010
GameObject:
  m_ObjectHideFlags: 1
  m_PrefabParentObject: {fileID: 0}
  m_PrefabInternal: {fileID: 100100000}
  serializedVersion: 4
  m_Component:
  - 4: {fileID: 476122}
  m_Layer: 0
  m_Name: l_wing1
  m_TagString: Untagged
  m_Icon: {fileID: 0}
  m_NavMeshLayer: 0
  m_StaticEditorFlags: 0
  m_IsActive: 1
--- !u!1 &144550
GameObject:
  m_ObjectHideFlags: 1
  m_PrefabParentObject: {fileID: 0}
  m_PrefabInternal: {fileID: 100100000}
  serializedVersion: 4
  m_Component:
  - 4: {fileID: 482254}
  m_Layer: 0
  m_Name: hips
  m_TagString: Untagged
  m_Icon: {fileID: 0}
  m_NavMeshLayer: 0
  m_StaticEditorFlags: 0
  m_IsActive: 1
--- !u!1 &145098
GameObject:
  m_ObjectHideFlags: 1
  m_PrefabParentObject: {fileID: 0}
  m_PrefabInternal: {fileID: 100100000}
  serializedVersion: 4
  m_Component:
  - 4: {fileID: 496012}
  m_Layer: 0
  m_Name: r_wing4
  m_TagString: Untagged
  m_Icon: {fileID: 0}
  m_NavMeshLayer: 0
  m_StaticEditorFlags: 0
  m_IsActive: 1
--- !u!1 &146028
GameObject:
  m_ObjectHideFlags: 1
  m_PrefabParentObject: {fileID: 0}
  m_PrefabInternal: {fileID: 100100000}
  serializedVersion: 4
  m_Component:
  - 4: {fileID: 496614}
  m_Layer: 0
  m_Name: r_wing3
  m_TagString: Untagged
  m_Icon: {fileID: 0}
  m_NavMeshLayer: 0
  m_StaticEditorFlags: 0
  m_IsActive: 1
--- !u!1 &146674
GameObject:
  m_ObjectHideFlags: 1
  m_PrefabParentObject: {fileID: 0}
  m_PrefabInternal: {fileID: 100100000}
  serializedVersion: 4
  m_Component:
  - 4: {fileID: 443406}
  m_Layer: 0
  m_Name: r_wing2
  m_TagString: Untagged
  m_Icon: {fileID: 0}
  m_NavMeshLayer: 0
  m_StaticEditorFlags: 0
  m_IsActive: 1
--- !u!1 &149028
GameObject:
  m_ObjectHideFlags: 1
  m_PrefabParentObject: {fileID: 0}
  m_PrefabInternal: {fileID: 100100000}
  serializedVersion: 4
  m_Component:
  - 4: {fileID: 485950}
  - 65: {fileID: 6509132}
  - 114: {fileID: 11430056}
  - 114: {fileID: 11473396}
  m_Layer: 0
  m_Name: LilDragonFallArea
  m_TagString: Untagged
  m_Icon: {fileID: 0}
  m_NavMeshLayer: 0
  m_StaticEditorFlags: 0
  m_IsActive: 0
--- !u!1 &153410
GameObject:
  m_ObjectHideFlags: 1
  m_PrefabParentObject: {fileID: 0}
  m_PrefabInternal: {fileID: 100100000}
  serializedVersion: 4
  m_Component:
  - 4: {fileID: 468698}
  m_Layer: 0
  m_Name: tail1
  m_TagString: Untagged
  m_Icon: {fileID: 0}
  m_NavMeshLayer: 0
  m_StaticEditorFlags: 0
  m_IsActive: 1
--- !u!1 &153418
GameObject:
  m_ObjectHideFlags: 1
  m_PrefabParentObject: {fileID: 0}
  m_PrefabInternal: {fileID: 100100000}
  serializedVersion: 4
  m_Component:
  - 4: {fileID: 422654}
  - 135: {fileID: 13541398}
  - 114: {fileID: 11455902}
  - 114: {fileID: 11431960}
  - 114: {fileID: 11412726}
  m_Layer: 8
  m_Name: LilDragon
  m_TagString: Untagged
  m_Icon: {fileID: 0}
  m_NavMeshLayer: 0
  m_StaticEditorFlags: 0
  m_IsActive: 1
--- !u!1 &153664
GameObject:
  m_ObjectHideFlags: 1
  m_PrefabParentObject: {fileID: 0}
  m_PrefabInternal: {fileID: 100100000}
  serializedVersion: 4
  m_Component:
  - 4: {fileID: 475660}
  m_Layer: 0
  m_Name: l_foot
  m_TagString: Untagged
  m_Icon: {fileID: 0}
  m_NavMeshLayer: 0
  m_StaticEditorFlags: 0
  m_IsActive: 1
--- !u!1 &154048
GameObject:
  m_ObjectHideFlags: 1
  m_PrefabParentObject: {fileID: 0}
  m_PrefabInternal: {fileID: 100100000}
  serializedVersion: 4
  m_Component:
  - 4: {fileID: 481000}
  m_Layer: 0
  m_Name: l_leg
  m_TagString: Untagged
  m_Icon: {fileID: 0}
  m_NavMeshLayer: 0
  m_StaticEditorFlags: 0
  m_IsActive: 1
--- !u!1 &154198
GameObject:
  m_ObjectHideFlags: 1
  m_PrefabParentObject: {fileID: 0}
  m_PrefabInternal: {fileID: 100100000}
  serializedVersion: 4
  m_Component:
  - 4: {fileID: 437212}
  m_Layer: 0
  m_Name: r_wing4
  m_TagString: Untagged
  m_Icon: {fileID: 0}
  m_NavMeshLayer: 0
  m_StaticEditorFlags: 0
  m_IsActive: 1
--- !u!1 &154344
GameObject:
  m_ObjectHideFlags: 1
  m_PrefabParentObject: {fileID: 0}
  m_PrefabInternal: {fileID: 100100000}
  serializedVersion: 4
  m_Component:
  - 4: {fileID: 421624}
  m_Layer: 0
  m_Name: l_wing2
  m_TagString: Untagged
  m_Icon: {fileID: 0}
  m_NavMeshLayer: 0
  m_StaticEditorFlags: 0
  m_IsActive: 1
--- !u!1 &155458
GameObject:
  m_ObjectHideFlags: 0
  m_PrefabParentObject: {fileID: 0}
  m_PrefabInternal: {fileID: 100100000}
  serializedVersion: 4
  m_Component:
  - 4: {fileID: 439904}
  - 114: {fileID: 11453040}
  m_Layer: 0
  m_Name: LilDragonArea (1)
  m_TagString: Untagged
  m_Icon: {fileID: 0}
  m_NavMeshLayer: 0
  m_StaticEditorFlags: 0
  m_IsActive: 1
--- !u!1 &156472
GameObject:
  m_ObjectHideFlags: 1
  m_PrefabParentObject: {fileID: 0}
  m_PrefabInternal: {fileID: 100100000}
  serializedVersion: 4
  m_Component:
  - 4: {fileID: 480998}
  - 135: {fileID: 13521170}
  - 114: {fileID: 11444116}
  - 114: {fileID: 11448134}
  - 114: {fileID: 11493100}
  m_Layer: 8
  m_Name: LilDragon
  m_TagString: Untagged
  m_Icon: {fileID: 0}
  m_NavMeshLayer: 0
  m_StaticEditorFlags: 0
  m_IsActive: 1
--- !u!1 &156508
GameObject:
  m_ObjectHideFlags: 1
  m_PrefabParentObject: {fileID: 0}
  m_PrefabInternal: {fileID: 100100000}
  serializedVersion: 4
  m_Component:
  - 4: {fileID: 486160}
  m_Layer: 0
  m_Name: spine2
  m_TagString: Untagged
  m_Icon: {fileID: 0}
  m_NavMeshLayer: 0
  m_StaticEditorFlags: 0
  m_IsActive: 1
--- !u!1 &156904
GameObject:
  m_ObjectHideFlags: 1
  m_PrefabParentObject: {fileID: 0}
  m_PrefabInternal: {fileID: 100100000}
  serializedVersion: 4
  m_Component:
  - 4: {fileID: 402876}
  m_Layer: 0
  m_Name: l_wing1
  m_TagString: Untagged
  m_Icon: {fileID: 0}
  m_NavMeshLayer: 0
  m_StaticEditorFlags: 0
  m_IsActive: 1
--- !u!1 &160528
GameObject:
  m_ObjectHideFlags: 1
  m_PrefabParentObject: {fileID: 0}
  m_PrefabInternal: {fileID: 100100000}
  serializedVersion: 4
  m_Component:
  - 4: {fileID: 436512}
  m_Layer: 0
  m_Name: head
  m_TagString: Untagged
  m_Icon: {fileID: 0}
  m_NavMeshLayer: 0
  m_StaticEditorFlags: 0
  m_IsActive: 1
--- !u!1 &161010
GameObject:
  m_ObjectHideFlags: 1
  m_PrefabParentObject: {fileID: 0}
  m_PrefabInternal: {fileID: 100100000}
  serializedVersion: 4
  m_Component:
  - 4: {fileID: 479154}
  m_Layer: 0
  m_Name: l_wing4
  m_TagString: Untagged
  m_Icon: {fileID: 0}
  m_NavMeshLayer: 0
  m_StaticEditorFlags: 0
  m_IsActive: 1
--- !u!1 &161858
GameObject:
  m_ObjectHideFlags: 0
  m_PrefabParentObject: {fileID: 0}
  m_PrefabInternal: {fileID: 100100000}
  serializedVersion: 4
  m_Component:
  - 4: {fileID: 426332}
  - 114: {fileID: 11406358}
  m_Layer: 0
  m_Name: LilDragonArea (3)
  m_TagString: Untagged
  m_Icon: {fileID: 0}
  m_NavMeshLayer: 0
  m_StaticEditorFlags: 0
  m_IsActive: 1
--- !u!1 &164336
GameObject:
  m_ObjectHideFlags: 1
  m_PrefabParentObject: {fileID: 0}
  m_PrefabInternal: {fileID: 100100000}
  serializedVersion: 4
  m_Component:
  - 4: {fileID: 443162}
  m_Layer: 0
  m_Name: r_wing3
  m_TagString: Untagged
  m_Icon: {fileID: 0}
  m_NavMeshLayer: 0
  m_StaticEditorFlags: 0
  m_IsActive: 1
--- !u!1 &168200
GameObject:
  m_ObjectHideFlags: 1
  m_PrefabParentObject: {fileID: 0}
  m_PrefabInternal: {fileID: 100100000}
  serializedVersion: 4
  m_Component:
  - 4: {fileID: 404076}
  m_Layer: 0
  m_Name: hips
  m_TagString: Untagged
  m_Icon: {fileID: 0}
  m_NavMeshLayer: 0
  m_StaticEditorFlags: 0
  m_IsActive: 1
--- !u!1 &170136
GameObject:
  m_ObjectHideFlags: 1
  m_PrefabParentObject: {fileID: 0}
  m_PrefabInternal: {fileID: 100100000}
  serializedVersion: 4
  m_Component:
  - 4: {fileID: 436796}
  m_Layer: 0
  m_Name: shoulders
  m_TagString: Untagged
  m_Icon: {fileID: 0}
  m_NavMeshLayer: 0
  m_StaticEditorFlags: 0
  m_IsActive: 1
--- !u!1 &170672
GameObject:
  m_ObjectHideFlags: 1
  m_PrefabParentObject: {fileID: 0}
  m_PrefabInternal: {fileID: 100100000}
  serializedVersion: 4
  m_Component:
  - 4: {fileID: 433034}
  m_Layer: 0
  m_Name: r_wing4
  m_TagString: Untagged
  m_Icon: {fileID: 0}
  m_NavMeshLayer: 0
  m_StaticEditorFlags: 0
  m_IsActive: 1
--- !u!1 &171334
GameObject:
  m_ObjectHideFlags: 1
  m_PrefabParentObject: {fileID: 0}
  m_PrefabInternal: {fileID: 100100000}
  serializedVersion: 4
  m_Component:
  - 4: {fileID: 423812}
  - 135: {fileID: 13586216}
  - 114: {fileID: 11456580}
  m_Layer: 0
  m_Name: LilDragonAttackArea
  m_TagString: Untagged
  m_Icon: {fileID: 0}
  m_NavMeshLayer: 0
  m_StaticEditorFlags: 0
  m_IsActive: 1
--- !u!1 &172886
GameObject:
  m_ObjectHideFlags: 1
  m_PrefabParentObject: {fileID: 0}
  m_PrefabInternal: {fileID: 100100000}
  serializedVersion: 4
  m_Component:
  - 4: {fileID: 429584}
  - 65: {fileID: 6596242}
  - 114: {fileID: 11442744}
  - 114: {fileID: 11426656}
  m_Layer: 0
  m_Name: LilDragonFallArea
  m_TagString: Untagged
  m_Icon: {fileID: 0}
  m_NavMeshLayer: 0
  m_StaticEditorFlags: 0
  m_IsActive: 0
--- !u!1 &174424
GameObject:
  m_ObjectHideFlags: 1
  m_PrefabParentObject: {fileID: 0}
  m_PrefabInternal: {fileID: 100100000}
  serializedVersion: 4
  m_Component:
  - 4: {fileID: 410922}
  m_Layer: 0
  m_Name: head
  m_TagString: Untagged
  m_Icon: {fileID: 0}
  m_NavMeshLayer: 0
  m_StaticEditorFlags: 0
  m_IsActive: 1
--- !u!1 &174434
GameObject:
  m_ObjectHideFlags: 1
  m_PrefabParentObject: {fileID: 0}
  m_PrefabInternal: {fileID: 100100000}
  serializedVersion: 4
  m_Component:
  - 4: {fileID: 441042}
  - 137: {fileID: 13712076}
  m_Layer: 0
  m_Name: dragon
  m_TagString: Untagged
  m_Icon: {fileID: 0}
  m_NavMeshLayer: 0
  m_StaticEditorFlags: 0
  m_IsActive: 1
--- !u!1 &178594
GameObject:
  m_ObjectHideFlags: 1
  m_PrefabParentObject: {fileID: 0}
  m_PrefabInternal: {fileID: 100100000}
  serializedVersion: 4
  m_Component:
  - 4: {fileID: 462564}
  m_Layer: 0
  m_Name: l_wing1
  m_TagString: Untagged
  m_Icon: {fileID: 0}
  m_NavMeshLayer: 0
  m_StaticEditorFlags: 0
  m_IsActive: 1
--- !u!1 &182020
GameObject:
  m_ObjectHideFlags: 1
  m_PrefabParentObject: {fileID: 0}
  m_PrefabInternal: {fileID: 100100000}
  serializedVersion: 4
  m_Component:
  - 4: {fileID: 428916}
  m_Layer: 0
  m_Name: neck
  m_TagString: Untagged
  m_Icon: {fileID: 0}
  m_NavMeshLayer: 0
  m_StaticEditorFlags: 0
  m_IsActive: 1
--- !u!1 &185922
GameObject:
  m_ObjectHideFlags: 1
  m_PrefabParentObject: {fileID: 0}
  m_PrefabInternal: {fileID: 100100000}
  serializedVersion: 4
  m_Component:
  - 4: {fileID: 436174}
  m_Layer: 0
  m_Name: hips
  m_TagString: Untagged
  m_Icon: {fileID: 0}
  m_NavMeshLayer: 0
  m_StaticEditorFlags: 0
  m_IsActive: 1
--- !u!1 &187400
GameObject:
  m_ObjectHideFlags: 1
  m_PrefabParentObject: {fileID: 0}
  m_PrefabInternal: {fileID: 100100000}
  serializedVersion: 4
  m_Component:
  - 4: {fileID: 499692}
  m_Layer: 0
  m_Name: r_wing3
  m_TagString: Untagged
  m_Icon: {fileID: 0}
  m_NavMeshLayer: 0
  m_StaticEditorFlags: 0
  m_IsActive: 1
--- !u!1 &188086
GameObject:
  m_ObjectHideFlags: 1
  m_PrefabParentObject: {fileID: 0}
  m_PrefabInternal: {fileID: 100100000}
  serializedVersion: 4
  m_Component:
  - 4: {fileID: 477242}
  m_Layer: 0
  m_Name: spine2
  m_TagString: Untagged
  m_Icon: {fileID: 0}
  m_NavMeshLayer: 0
  m_StaticEditorFlags: 0
  m_IsActive: 1
--- !u!1 &188262
GameObject:
  m_ObjectHideFlags: 1
  m_PrefabParentObject: {fileID: 0}
  m_PrefabInternal: {fileID: 100100000}
  serializedVersion: 4
  m_Component:
  - 4: {fileID: 473700}
  m_Layer: 0
  m_Name: r_foot
  m_TagString: Untagged
  m_Icon: {fileID: 0}
  m_NavMeshLayer: 0
  m_StaticEditorFlags: 0
  m_IsActive: 1
--- !u!1 &189456
GameObject:
  m_ObjectHideFlags: 1
  m_PrefabParentObject: {fileID: 0}
  m_PrefabInternal: {fileID: 100100000}
  serializedVersion: 4
  m_Component:
  - 4: {fileID: 440486}
  m_Layer: 0
  m_Name: l_foot
  m_TagString: Untagged
  m_Icon: {fileID: 0}
  m_NavMeshLayer: 0
  m_StaticEditorFlags: 0
  m_IsActive: 1
--- !u!1 &190160
GameObject:
  m_ObjectHideFlags: 0
  m_PrefabParentObject: {fileID: 0}
  m_PrefabInternal: {fileID: 100100000}
  serializedVersion: 4
  m_Component:
  - 4: {fileID: 408634}
  m_Layer: 0
  m_Name: PajarosAtrezzo
  m_TagString: Untagged
  m_Icon: {fileID: 0}
  m_NavMeshLayer: 0
  m_StaticEditorFlags: 0
  m_IsActive: 1
--- !u!1 &192930
GameObject:
  m_ObjectHideFlags: 1
  m_PrefabParentObject: {fileID: 0}
  m_PrefabInternal: {fileID: 100100000}
  serializedVersion: 4
  m_Component:
  - 4: {fileID: 465776}
  m_Layer: 0
  m_Name: r_wing1
  m_TagString: Untagged
  m_Icon: {fileID: 0}
  m_NavMeshLayer: 0
  m_StaticEditorFlags: 0
  m_IsActive: 1
--- !u!1 &194454
GameObject:
  m_ObjectHideFlags: 1
  m_PrefabParentObject: {fileID: 0}
  m_PrefabInternal: {fileID: 100100000}
  serializedVersion: 4
  m_Component:
  - 4: {fileID: 491528}
  m_Layer: 0
  m_Name: l_wing3
  m_TagString: Untagged
  m_Icon: {fileID: 0}
  m_NavMeshLayer: 0
  m_StaticEditorFlags: 0
  m_IsActive: 1
--- !u!1 &194516
GameObject:
  m_ObjectHideFlags: 1
  m_PrefabParentObject: {fileID: 0}
  m_PrefabInternal: {fileID: 100100000}
  serializedVersion: 4
  m_Component:
  - 4: {fileID: 437922}
  m_Layer: 0
  m_Name: shoulders
  m_TagString: Untagged
  m_Icon: {fileID: 0}
  m_NavMeshLayer: 0
  m_StaticEditorFlags: 0
  m_IsActive: 1
--- !u!1 &195230
GameObject:
  m_ObjectHideFlags: 1
  m_PrefabParentObject: {fileID: 0}
  m_PrefabInternal: {fileID: 100100000}
  serializedVersion: 4
  m_Component:
  - 4: {fileID: 491478}
  m_Layer: 0
  m_Name: r_foot
  m_TagString: Untagged
  m_Icon: {fileID: 0}
  m_NavMeshLayer: 0
  m_StaticEditorFlags: 0
  m_IsActive: 1
--- !u!1 &199104
GameObject:
  m_ObjectHideFlags: 1
  m_PrefabParentObject: {fileID: 0}
  m_PrefabInternal: {fileID: 100100000}
  serializedVersion: 4
  m_Component:
  - 4: {fileID: 447486}
  m_Layer: 0
  m_Name: l_leg
  m_TagString: Untagged
  m_Icon: {fileID: 0}
  m_NavMeshLayer: 0
  m_StaticEditorFlags: 0
  m_IsActive: 1
--- !u!4 &402876
Transform:
  m_ObjectHideFlags: 1
  m_PrefabParentObject: {fileID: 0}
  m_PrefabInternal: {fileID: 100100000}
  m_GameObject: {fileID: 156904}
  m_LocalRotation: {x: 0.16780208, y: -0.4805257, z: -0.22735983, w: 0.8302078}
  m_LocalPosition: {x: 0.34450084, y: 0.0092586875, z: -0.1932518}
  m_LocalScale: {x: 1, y: 1, z: 1}
  m_Children:
  - {fileID: 421624}
  m_Father: {fileID: 436796}
  m_RootOrder: 0
--- !u!4 &404076
Transform:
  m_ObjectHideFlags: 1
  m_PrefabParentObject: {fileID: 0}
  m_PrefabInternal: {fileID: 100100000}
  m_GameObject: {fileID: 168200}
  m_LocalRotation: {x: 0.0026396874, y: 0.7055996, z: 0.002650892, w: 0.70860094}
  m_LocalPosition: {x: 0.00000015258789, y: 0.6770526, z: 0.2704866}
  m_LocalScale: {x: 1.0000001, y: 0.99999994, z: 0.99999994}
  m_Children:
  - {fileID: 447486}
  - {fileID: 499972}
  - {fileID: 437922}
  - {fileID: 486160}
  m_Father: {fileID: 460678}
  m_RootOrder: 1
--- !u!4 &407928
Transform:
  m_ObjectHideFlags: 1
  m_PrefabParentObject: {fileID: 0}
  m_PrefabInternal: {fileID: 100100000}
  m_GameObject: {fileID: 104344}
  m_LocalRotation: {x: 0, y: 0.00000008940697, z: 0, w: 1}
  m_LocalPosition: {x: -88.5, y: -27.099998, z: 100.29999}
  m_LocalScale: {x: 1, y: 1, z: 1}
  m_Children:
  - {fileID: 432598}
  - {fileID: 448168}
  m_Father: {fileID: 408634}
  m_RootOrder: 1
--- !u!4 &408634
Transform:
  m_ObjectHideFlags: 1
  m_PrefabParentObject: {fileID: 0}
  m_PrefabInternal: {fileID: 100100000}
  m_GameObject: {fileID: 190160}
  m_LocalRotation: {x: 0, y: 0, z: 0, w: 1}
  m_LocalPosition: {x: 0, y: 0, z: 0}
  m_LocalScale: {x: 1, y: 1, z: 1}
  m_Children:
  - {fileID: 439904}
  - {fileID: 407928}
  - {fileID: 426332}
  m_Father: {fileID: 0}
  m_RootOrder: 0
--- !u!4 &409432
Transform:
  m_ObjectHideFlags: 1
  m_PrefabParentObject: {fileID: 0}
  m_PrefabInternal: {fileID: 100100000}
  m_GameObject: {fileID: 101348}
  m_LocalRotation: {x: -0.000040170326, y: 0.010307558, z: 0.0038969354, w: 0.9999393}
  m_LocalPosition: {x: -0.5087734, y: 0, z: -1.847411e-15}
  m_LocalScale: {x: 1, y: 1, z: 1}
  m_Children: []
  m_Father: {fileID: 491528}
  m_RootOrder: 0
--- !u!4 &410922
Transform:
  m_ObjectHideFlags: 1
  m_PrefabParentObject: {fileID: 0}
  m_PrefabInternal: {fileID: 100100000}
  m_GameObject: {fileID: 174424}
  m_LocalRotation: {x: -0.27676094, y: -0.6528054, z: -0.27880448, w: 0.64770097}
  m_LocalPosition: {x: -0.26918676, y: 0.0070343507, z: 0.000092404036}
  m_LocalScale: {x: 1, y: 1, z: 1}
  m_Children: []
  m_Father: {fileID: 465880}
  m_RootOrder: 0
--- !u!4 &411368
Transform:
  m_ObjectHideFlags: 1
  m_PrefabParentObject: {fileID: 0}
  m_PrefabInternal: {fileID: 100100000}
  m_GameObject: {fileID: 132556}
  m_LocalRotation: {x: 0, y: 0, z: 0, w: 1}
  m_LocalPosition: {x: 0, y: -1, z: 0}
  m_LocalScale: {x: 1, y: 1, z: 1}
  m_Children:
  - {fileID: 441042}
  - {fileID: 482254}
  m_Father: {fileID: 432598}
  m_RootOrder: 0
--- !u!4 &421624
Transform:
  m_ObjectHideFlags: 1
  m_PrefabParentObject: {fileID: 0}
  m_PrefabInternal: {fileID: 100100000}
  m_GameObject: {fileID: 154344}
  m_LocalRotation: {x: -0.1267958, y: -0.3051638, z: 0.33018324, w: 0.88418156}
  m_LocalPosition: {x: -0.56452984, y: 0, z: 2.4868996e-16}
  m_LocalScale: {x: 1, y: 1, z: 1}
  m_Children:
  - {fileID: 491528}
  m_Father: {fileID: 402876}
  m_RootOrder: 0
--- !u!4 &422172
Transform:
  m_ObjectHideFlags: 1
  m_PrefabParentObject: {fileID: 0}
  m_PrefabInternal: {fileID: 100100000}
  m_GameObject: {fileID: 117538}
  m_LocalRotation: {x: 0.05130252, y: 0.07902761, z: 0.29903182, w: 0.9495803}
  m_LocalPosition: {x: 0.079575635, y: -0.29882395, z: 0.07535968}
  m_LocalScale: {x: 1, y: 1, z: 1}
  m_Children:
  - {fileID: 473700}
  m_Father: {fileID: 436174}
  m_RootOrder: 1
--- !u!4 &422654
Transform:
  m_ObjectHideFlags: 1
  m_PrefabParentObject: {fileID: 0}
  m_PrefabInternal: {fileID: 100100000}
  m_GameObject: {fileID: 153418}
  m_LocalRotation: {x: 0, y: 1, z: 0, w: -0.00000016292068}
  m_LocalPosition: {x: 0, y: 13, z: -137.44}
  m_LocalScale: {x: 1, y: 1, z: 1}
  m_Children:
  - {fileID: 476322}
  - {fileID: 423812}
  m_Father: {fileID: 439904}
  m_RootOrder: 0
--- !u!4 &423812
Transform:
  m_ObjectHideFlags: 1
  m_PrefabParentObject: {fileID: 0}
  m_PrefabInternal: {fileID: 100100000}
  m_GameObject: {fileID: 171334}
  m_LocalRotation: {x: 0, y: 0, z: 0, w: 1}
  m_LocalPosition: {x: 0, y: 0, z: 0}
  m_LocalScale: {x: 1, y: 1, z: 1}
  m_Children: []
  m_Father: {fileID: 422654}
  m_RootOrder: 1
--- !u!4 &423906
Transform:
  m_ObjectHideFlags: 1
  m_PrefabParentObject: {fileID: 0}
  m_PrefabInternal: {fileID: 100100000}
  m_GameObject: {fileID: 117862}
  m_LocalRotation: {x: 0.08391286, y: 0.27349877, z: 0.30632603, w: 0.9079215}
  m_LocalPosition: {x: -0.5645297, y: 5.684342e-16, z: -2.842171e-16}
  m_LocalScale: {x: 1, y: 1, z: 1}
  m_Children:
  - {fileID: 443162}
  m_Father: {fileID: 497448}
  m_RootOrder: 0
--- !u!4 &424436
Transform:
  m_ObjectHideFlags: 1
  m_PrefabParentObject: {fileID: 0}
  m_PrefabInternal: {fileID: 100100000}
  m_GameObject: {fileID: 115142}
  m_LocalRotation: {x: -0.0003018082, y: 0.06555774, z: -0.22690322, w: 0.9717083}
  m_LocalPosition: {x: -0.5139202, y: 0.0044936263, z: -0.00015704082}
  m_LocalScale: {x: 1, y: 1, z: 1}
  m_Children:
  - {fileID: 485112}
  m_Father: {fileID: 446090}
  m_RootOrder: 0
--- !u!4 &426332
Transform:
  m_ObjectHideFlags: 1
  m_PrefabParentObject: {fileID: 0}
  m_PrefabInternal: {fileID: 100100000}
  m_GameObject: {fileID: 161858}
  m_LocalRotation: {x: 0, y: 0.00000008940697, z: 0, w: 1}
  m_LocalPosition: {x: -86.1, y: -27.099998, z: 92.20001}
  m_LocalScale: {x: 1, y: 1, z: 1}
  m_Children:
  - {fileID: 480998}
  - {fileID: 485950}
  m_Father: {fileID: 408634}
  m_RootOrder: 2
--- !u!4 &428916
Transform:
  m_ObjectHideFlags: 1
  m_PrefabParentObject: {fileID: 0}
  m_PrefabInternal: {fileID: 100100000}
  m_GameObject: {fileID: 182020}
  m_LocalRotation: {x: -0.000020095204, y: 0.003887802, z: 0.028087063, w: 0.9995979}
  m_LocalPosition: {x: -0.19349575, y: 0.0054187127, z: -9.9226005e-15}
  m_LocalScale: {x: 1, y: 1, z: 1}
  m_Children:
  - {fileID: 436512}
  m_Father: {fileID: 433906}
  m_RootOrder: 1
--- !u!4 &429584
Transform:
  m_ObjectHideFlags: 1
  m_PrefabParentObject: {fileID: 0}
  m_PrefabInternal: {fileID: 100100000}
  m_GameObject: {fileID: 172886}
  m_LocalRotation: {x: 0, y: 0, z: 0, w: 1}
  m_LocalPosition: {x: 0, y: 0, z: 0}
  m_LocalScale: {x: 1, y: 1, z: 1}
  m_Children: []
  m_Father: {fileID: 439904}
  m_RootOrder: 1
--- !u!4 &429608
Transform:
  m_ObjectHideFlags: 1
  m_PrefabParentObject: {fileID: 0}
  m_PrefabInternal: {fileID: 100100000}
  m_GameObject: {fileID: 104988}
  m_LocalRotation: {x: 0, y: 0, z: 0, w: 1}
  m_LocalPosition: {x: 0, y: 0, z: 0}
  m_LocalScale: {x: 1, y: 1, z: 1}
  m_Children: []
  m_Father: {fileID: 460678}
  m_RootOrder: 0
--- !u!4 &432354
Transform:
  m_ObjectHideFlags: 1
  m_PrefabParentObject: {fileID: 0}
  m_PrefabInternal: {fileID: 100100000}
  m_GameObject: {fileID: 122042}
  m_LocalRotation: {x: 0, y: 0, z: 0, w: 1}
  m_LocalPosition: {x: 0, y: 0, z: 0}
  m_LocalScale: {x: 1, y: 1, z: 1}
  m_Children: []
  m_Father: {fileID: 480998}
  m_RootOrder: 1
--- !u!4 &432598
Transform:
  m_ObjectHideFlags: 1
  m_PrefabParentObject: {fileID: 0}
  m_PrefabInternal: {fileID: 100100000}
  m_GameObject: {fileID: 113090}
  m_LocalRotation: {x: 0, y: 1, z: 0, w: -0.00000016292068}
  m_LocalPosition: {x: 0, y: 13, z: -137.44}
  m_LocalScale: {x: 1, y: 1, z: 1}
  m_Children:
  - {fileID: 411368}
  - {fileID: 475534}
  m_Father: {fileID: 407928}
  m_RootOrder: 0
--- !u!4 &433034
Transform:
  m_ObjectHideFlags: 1
  m_PrefabParentObject: {fileID: 0}
  m_PrefabInternal: {fileID: 100100000}
  m_GameObject: {fileID: 170672}
  m_LocalRotation: {x: -0.010307921, y: -0.00004016609, z: 0.99993926, w: -0.0038963873}
  m_LocalPosition: {x: -0.50877357, y: -1.4210854e-16, z: 5.684342e-16}
  m_LocalScale: {x: 1, y: 1, z: 1}
  m_Children: []
  m_Father: {fileID: 499692}
  m_RootOrder: 0
--- !u!4 &433906
Transform:
  m_ObjectHideFlags: 1
  m_PrefabParentObject: {fileID: 0}
  m_PrefabInternal: {fileID: 100100000}
  m_GameObject: {fileID: 116748}
  m_LocalRotation: {x: 0.00025601755, y: 0.0021067811, z: 0.113202296, w: 0.9935697}
  m_LocalPosition: {x: -0.51509446, y: 1.4210854e-16, z: -6.578071e-17}
  m_LocalScale: {x: 1, y: 1, z: 1}
  m_Children:
  - {fileID: 462564}
  - {fileID: 428916}
  - {fileID: 497448}
  m_Father: {fileID: 436174}
  m_RootOrder: 2
--- !u!4 &436174
Transform:
  m_ObjectHideFlags: 1
  m_PrefabParentObject: {fileID: 0}
  m_PrefabInternal: {fileID: 100100000}
  m_GameObject: {fileID: 185922}
  m_LocalRotation: {x: 0.0026396874, y: 0.7055996, z: 0.002650892, w: 0.70860094}
  m_LocalPosition: {x: 0.00000015258789, y: 0.6770526, z: 0.2704866}
  m_LocalScale: {x: 1.0000001, y: 0.99999994, z: 0.99999994}
  m_Children:
  - {fileID: 481000}
  - {fileID: 422172}
  - {fileID: 433906}
  - {fileID: 477242}
  m_Father: {fileID: 476322}
  m_RootOrder: 1
--- !u!4 &436512
Transform:
  m_ObjectHideFlags: 1
  m_PrefabParentObject: {fileID: 0}
  m_PrefabInternal: {fileID: 100100000}
  m_GameObject: {fileID: 160528}
  m_LocalRotation: {x: -0.27676094, y: -0.6528054, z: -0.27880448, w: 0.64770097}
  m_LocalPosition: {x: -0.26918676, y: 0.0070343507, z: 0.000092404036}
  m_LocalScale: {x: 1, y: 1, z: 1}
  m_Children: []
  m_Father: {fileID: 428916}
  m_RootOrder: 0
--- !u!4 &436796
Transform:
  m_ObjectHideFlags: 1
  m_PrefabParentObject: {fileID: 0}
  m_PrefabInternal: {fileID: 100100000}
  m_GameObject: {fileID: 170136}
  m_LocalRotation: {x: 0.00025601755, y: 0.0021067811, z: 0.113202296, w: 0.9935697}
  m_LocalPosition: {x: -0.51509446, y: 1.4210854e-16, z: -6.578071e-17}
  m_LocalScale: {x: 1, y: 1, z: 1}
  m_Children:
  - {fileID: 402876}
  - {fileID: 473482}
  - {fileID: 446804}
  m_Father: {fileID: 482254}
  m_RootOrder: 2
--- !u!4 &437212
Transform:
  m_ObjectHideFlags: 1
  m_PrefabParentObject: {fileID: 0}
  m_PrefabInternal: {fileID: 100100000}
  m_GameObject: {fileID: 154198}
  m_LocalRotation: {x: -0.010307921, y: -0.00004016609, z: 0.99993926, w: -0.0038963873}
  m_LocalPosition: {x: -0.50877357, y: -1.4210854e-16, z: 5.684342e-16}
  m_LocalScale: {x: 1, y: 1, z: 1}
  m_Children: []
  m_Father: {fileID: 443162}
  m_RootOrder: 0
--- !u!4 &437922
Transform:
  m_ObjectHideFlags: 1
  m_PrefabParentObject: {fileID: 0}
  m_PrefabInternal: {fileID: 100100000}
  m_GameObject: {fileID: 194516}
  m_LocalRotation: {x: 0.00025601755, y: 0.0021067811, z: 0.113202296, w: 0.9935697}
  m_LocalPosition: {x: -0.51509446, y: 1.4210854e-16, z: -6.578071e-17}
  m_LocalScale: {x: 1, y: 1, z: 1}
  m_Children:
  - {fileID: 476122}
  - {fileID: 465880}
  - {fileID: 465776}
  m_Father: {fileID: 404076}
  m_RootOrder: 2
--- !u!4 &439904
Transform:
  m_ObjectHideFlags: 1
  m_PrefabParentObject: {fileID: 0}
  m_PrefabInternal: {fileID: 100100000}
  m_GameObject: {fileID: 155458}
  m_LocalRotation: {x: 0, y: 0.00000008940697, z: 0, w: 1}
  m_LocalPosition: {x: -82.34114, y: -27.099998, z: 110.14514}
  m_LocalScale: {x: 1, y: 1, z: 1}
  m_Children:
  - {fileID: 422654}
  - {fileID: 429584}
  m_Father: {fileID: 408634}
  m_RootOrder: 0
--- !u!4 &440486
Transform:
  m_ObjectHideFlags: 1
  m_PrefabParentObject: {fileID: 0}
  m_PrefabInternal: {fileID: 100100000}
  m_GameObject: {fileID: 189456}
  m_LocalRotation: {x: -0.38075298, y: -0.49974245, z: -0.47149938, w: 0.6188481}
  m_LocalPosition: {x: -0.26216415, y: -1.0658141e-16, z: -3.5527136e-17}
  m_LocalScale: {x: 1, y: 1, z: 1}
  m_Children: []
  m_Father: {fileID: 447486}
  m_RootOrder: 0
--- !u!4 &441042
Transform:
  m_ObjectHideFlags: 1
  m_PrefabParentObject: {fileID: 0}
  m_PrefabInternal: {fileID: 100100000}
  m_GameObject: {fileID: 174434}
  m_LocalRotation: {x: 0, y: 0, z: 0, w: 1}
  m_LocalPosition: {x: 0, y: 0, z: 0}
  m_LocalScale: {x: 1, y: 1, z: 1}
  m_Children: []
  m_Father: {fileID: 411368}
  m_RootOrder: 0
--- !u!4 &441496
Transform:
  m_ObjectHideFlags: 1
  m_PrefabParentObject: {fileID: 0}
  m_PrefabInternal: {fileID: 100100000}
  m_GameObject: {fileID: 138492}
  m_LocalRotation: {x: -0.0003018082, y: 0.06555774, z: -0.22690322, w: 0.9717083}
  m_LocalPosition: {x: -0.5139202, y: 0.0044936263, z: -0.00015704082}
  m_LocalScale: {x: 1, y: 1, z: 1}
  m_Children:
  - {fileID: 472354}
  m_Father: {fileID: 477242}
  m_RootOrder: 0
--- !u!4 &443162
Transform:
  m_ObjectHideFlags: 1
  m_PrefabParentObject: {fileID: 0}
  m_PrefabInternal: {fileID: 100100000}
  m_GameObject: {fileID: 164336}
  m_LocalRotation: {x: -0.00018845219, y: 0.010306339, z: 0.0104838, w: 0.99989194}
  m_LocalPosition: {x: -0.59783477, y: 1.4210854e-16, z: -2.842171e-16}
  m_LocalScale: {x: 1, y: 1, z: 1}
  m_Children:
  - {fileID: 437212}
  m_Father: {fileID: 423906}
  m_RootOrder: 0
--- !u!4 &443406
Transform:
  m_ObjectHideFlags: 1
  m_PrefabParentObject: {fileID: 0}
  m_PrefabInternal: {fileID: 100100000}
  m_GameObject: {fileID: 146674}
  m_LocalRotation: {x: 0.08391286, y: 0.27349877, z: 0.30632603, w: 0.9079215}
  m_LocalPosition: {x: -0.5645297, y: 5.684342e-16, z: -2.842171e-16}
  m_LocalScale: {x: 1, y: 1, z: 1}
  m_Children:
  - {fileID: 496614}
  m_Father: {fileID: 446804}
  m_RootOrder: 0
--- !u!4 &445326
Transform:
  m_ObjectHideFlags: 1
  m_PrefabParentObject: {fileID: 0}
  m_PrefabInternal: {fileID: 100100000}
  m_GameObject: {fileID: 106066}
  m_LocalRotation: {x: -0.1267958, y: -0.3051638, z: 0.33018324, w: 0.88418156}
  m_LocalPosition: {x: -0.56452984, y: 0, z: 2.4868996e-16}
  m_LocalScale: {x: 1, y: 1, z: 1}
  m_Children:
  - {fileID: 487442}
  m_Father: {fileID: 476122}
  m_RootOrder: 0
--- !u!4 &446090
Transform:
  m_ObjectHideFlags: 1
  m_PrefabParentObject: {fileID: 0}
  m_PrefabInternal: {fileID: 100100000}
  m_GameObject: {fileID: 103642}
  m_LocalRotation: {x: 0.17504767, y: 0.9841183, z: -0.0066167125, w: 0.02873593}
  m_LocalPosition: {x: 0.4442315, y: -0.013422723, z: -0.0017379327}
  m_LocalScale: {x: 1, y: 1, z: 1}
  m_Children:
  - {fileID: 424436}
  m_Father: {fileID: 482254}
  m_RootOrder: 3
--- !u!4 &446804
Transform:
  m_ObjectHideFlags: 1
  m_PrefabParentObject: {fileID: 0}
  m_PrefabInternal: {fileID: 100100000}
  m_GameObject: {fileID: 114916}
  m_LocalRotation: {x: -0.16823547, y: 0.4805113, z: -0.22757551, w: 0.83006936}
  m_LocalPosition: {x: 0.34450045, y: 0.009258971, z: 0.19762413}
  m_LocalScale: {x: 1, y: 1, z: 1}
  m_Children:
  - {fileID: 443406}
  m_Father: {fileID: 436796}
  m_RootOrder: 2
--- !u!4 &447486
Transform:
  m_ObjectHideFlags: 1
  m_PrefabParentObject: {fileID: 0}
  m_PrefabInternal: {fileID: 100100000}
  m_GameObject: {fileID: 199104}
  m_LocalRotation: {x: -0.012930294, y: -0.06641878, z: 0.3010101, w: 0.95121723}
  m_LocalPosition: {x: 0.07893339, y: -0.29881933, z: -0.07605172}
  m_LocalScale: {x: 1, y: 1, z: 1}
  m_Children:
  - {fileID: 440486}
  m_Father: {fileID: 404076}
  m_RootOrder: 0
--- !u!4 &448168
Transform:
  m_ObjectHideFlags: 1
  m_PrefabParentObject: {fileID: 0}
  m_PrefabInternal: {fileID: 100100000}
  m_GameObject: {fileID: 111108}
  m_LocalRotation: {x: 0, y: 0, z: 0, w: 1}
  m_LocalPosition: {x: 0, y: 0, z: 0}
  m_LocalScale: {x: 1, y: 1, z: 1}
  m_Children: []
  m_Father: {fileID: 407928}
  m_RootOrder: 1
--- !u!4 &449998
Transform:
  m_ObjectHideFlags: 1
  m_PrefabParentObject: {fileID: 0}
  m_PrefabInternal: {fileID: 100100000}
  m_GameObject: {fileID: 102054}
  m_LocalRotation: {x: -0.38075298, y: -0.49974245, z: -0.47149938, w: 0.6188481}
  m_LocalPosition: {x: -0.26216415, y: -1.0658141e-16, z: -3.5527136e-17}
  m_LocalScale: {x: 1, y: 1, z: 1}
  m_Children: []
  m_Father: {fileID: 466480}
  m_RootOrder: 0
--- !u!4 &452088
Transform:
  m_ObjectHideFlags: 1
  m_PrefabParentObject: {fileID: 0}
  m_PrefabInternal: {fileID: 100100000}
  m_GameObject: {fileID: 114672}
  m_LocalRotation: {x: -0.1267958, y: -0.3051638, z: 0.33018324, w: 0.88418156}
  m_LocalPosition: {x: -0.56452984, y: 0, z: 2.4868996e-16}
  m_LocalScale: {x: 1, y: 1, z: 1}
  m_Children:
  - {fileID: 497098}
  m_Father: {fileID: 462564}
  m_RootOrder: 0
--- !u!4 &456922
Transform:
  m_ObjectHideFlags: 1
  m_PrefabParentObject: {fileID: 0}
  m_PrefabInternal: {fileID: 100100000}
  m_GameObject: {fileID: 136780}
  m_LocalRotation: {x: -0.000040170326, y: 0.010307558, z: 0.0038969354, w: 0.9999393}
  m_LocalPosition: {x: -0.5087734, y: 0, z: -1.847411e-15}
  m_LocalScale: {x: 1, y: 1, z: 1}
  m_Children: []
  m_Father: {fileID: 497098}
  m_RootOrder: 0
--- !u!4 &460678
Transform:
  m_ObjectHideFlags: 1
  m_PrefabParentObject: {fileID: 0}
  m_PrefabInternal: {fileID: 100100000}
  m_GameObject: {fileID: 101326}
  m_LocalRotation: {x: 0, y: 0, z: 0, w: 1}
  m_LocalPosition: {x: 0, y: -1, z: 0}
  m_LocalScale: {x: 1, y: 1, z: 1}
  m_Children:
  - {fileID: 429608}
  - {fileID: 404076}
  m_Father: {fileID: 480998}
  m_RootOrder: 0
--- !u!4 &462076
Transform:
  m_ObjectHideFlags: 1
  m_PrefabParentObject: {fileID: 0}
  m_PrefabInternal: {fileID: 100100000}
  m_GameObject: {fileID: 128814}
  m_LocalRotation: {x: 0.03637749, y: 0.99862474, z: -0.0018579855, w: 0.037707884}
  m_LocalPosition: {x: -0.5696542, y: 0.00008622199, z: -5.1184904e-16}
  m_LocalScale: {x: 1, y: 1, z: 1}
  m_Children: []
  m_Father: {fileID: 468698}
  m_RootOrder: 0
--- !u!4 &462564
Transform:
  m_ObjectHideFlags: 1
  m_PrefabParentObject: {fileID: 0}
  m_PrefabInternal: {fileID: 100100000}
  m_GameObject: {fileID: 178594}
  m_LocalRotation: {x: 0.16780208, y: -0.4805257, z: -0.22735983, w: 0.8302078}
  m_LocalPosition: {x: 0.34450084, y: 0.0092586875, z: -0.1932518}
  m_LocalScale: {x: 1, y: 1, z: 1}
  m_Children:
  - {fileID: 452088}
  m_Father: {fileID: 433906}
  m_RootOrder: 0
--- !u!4 &462652
Transform:
  m_ObjectHideFlags: 1
  m_PrefabParentObject: {fileID: 0}
  m_PrefabInternal: {fileID: 100100000}
  m_GameObject: {fileID: 115348}
  m_LocalRotation: {x: 0.05130252, y: 0.07902761, z: 0.29903182, w: 0.9495803}
  m_LocalPosition: {x: 0.079575635, y: -0.29882395, z: 0.07535968}
  m_LocalScale: {x: 1, y: 1, z: 1}
  m_Children:
  - {fileID: 488120}
  m_Father: {fileID: 482254}
  m_RootOrder: 1
--- !u!4 &465776
Transform:
  m_ObjectHideFlags: 1
  m_PrefabParentObject: {fileID: 0}
  m_PrefabInternal: {fileID: 100100000}
  m_GameObject: {fileID: 192930}
  m_LocalRotation: {x: -0.16823547, y: 0.4805113, z: -0.22757551, w: 0.83006936}
  m_LocalPosition: {x: 0.34450045, y: 0.009258971, z: 0.19762413}
  m_LocalScale: {x: 1, y: 1, z: 1}
  m_Children:
  - {fileID: 472506}
  m_Father: {fileID: 437922}
  m_RootOrder: 2
--- !u!4 &465880
Transform:
  m_ObjectHideFlags: 1
  m_PrefabParentObject: {fileID: 0}
  m_PrefabInternal: {fileID: 100100000}
  m_GameObject: {fileID: 126336}
  m_LocalRotation: {x: -0.000020095204, y: 0.003887802, z: 0.028087063, w: 0.9995979}
  m_LocalPosition: {x: -0.19349575, y: 0.0054187127, z: -9.9226005e-15}
  m_LocalScale: {x: 1, y: 1, z: 1}
  m_Children:
  - {fileID: 410922}
  m_Father: {fileID: 437922}
  m_RootOrder: 1
--- !u!4 &466480
Transform:
  m_ObjectHideFlags: 1
  m_PrefabParentObject: {fileID: 0}
  m_PrefabInternal: {fileID: 100100000}
  m_GameObject: {fileID: 133128}
  m_LocalRotation: {x: -0.012930294, y: -0.06641878, z: 0.3010101, w: 0.95121723}
  m_LocalPosition: {x: 0.07893339, y: -0.29881933, z: -0.07605172}
  m_LocalScale: {x: 1, y: 1, z: 1}
  m_Children:
  - {fileID: 449998}
  m_Father: {fileID: 482254}
  m_RootOrder: 0
--- !u!4 &468698
Transform:
  m_ObjectHideFlags: 1
  m_PrefabParentObject: {fileID: 0}
  m_PrefabInternal: {fileID: 100100000}
  m_GameObject: {fileID: 153410}
  m_LocalRotation: {x: -0.0003018082, y: 0.06555774, z: -0.22690322, w: 0.9717083}
  m_LocalPosition: {x: -0.5139202, y: 0.0044936263, z: -0.00015704082}
  m_LocalScale: {x: 1, y: 1, z: 1}
  m_Children:
  - {fileID: 462076}
  m_Father: {fileID: 486160}
  m_RootOrder: 0
--- !u!4 &472354
Transform:
  m_ObjectHideFlags: 1
  m_PrefabParentObject: {fileID: 0}
  m_PrefabInternal: {fileID: 100100000}
  m_GameObject: {fileID: 119848}
  m_LocalRotation: {x: 0.03637749, y: 0.99862474, z: -0.0018579855, w: 0.037707884}
  m_LocalPosition: {x: -0.5696542, y: 0.00008622199, z: -5.1184904e-16}
  m_LocalScale: {x: 1, y: 1, z: 1}
  m_Children: []
  m_Father: {fileID: 441496}
  m_RootOrder: 0
--- !u!4 &472506
Transform:
  m_ObjectHideFlags: 1
  m_PrefabParentObject: {fileID: 0}
  m_PrefabInternal: {fileID: 100100000}
  m_GameObject: {fileID: 113318}
  m_LocalRotation: {x: 0.08391286, y: 0.27349877, z: 0.30632603, w: 0.9079215}
  m_LocalPosition: {x: -0.5645297, y: 5.684342e-16, z: -2.842171e-16}
  m_LocalScale: {x: 1, y: 1, z: 1}
  m_Children:
  - {fileID: 499692}
  m_Father: {fileID: 465776}
  m_RootOrder: 0
--- !u!4 &473482
Transform:
  m_ObjectHideFlags: 1
  m_PrefabParentObject: {fileID: 0}
  m_PrefabInternal: {fileID: 100100000}
  m_GameObject: {fileID: 121074}
  m_LocalRotation: {x: -0.000020095204, y: 0.003887802, z: 0.028087063, w: 0.9995979}
  m_LocalPosition: {x: -0.19349575, y: 0.0054187127, z: -9.9226005e-15}
  m_LocalScale: {x: 1, y: 1, z: 1}
  m_Children:
  - {fileID: 497570}
  m_Father: {fileID: 436796}
  m_RootOrder: 1
--- !u!4 &473700
Transform:
  m_ObjectHideFlags: 1
  m_PrefabParentObject: {fileID: 0}
  m_PrefabInternal: {fileID: 100100000}
  m_GameObject: {fileID: 188262}
  m_LocalRotation: {x: 0.4997424, y: -0.38075325, z: 0.61884785, w: 0.4714996}
  m_LocalPosition: {x: -0.2621638, y: -2.1316282e-16, z: 3.5527136e-17}
  m_LocalScale: {x: 1, y: 1, z: 1}
  m_Children: []
  m_Father: {fileID: 422172}
  m_RootOrder: 0
--- !u!4 &475534
Transform:
  m_ObjectHideFlags: 1
  m_PrefabParentObject: {fileID: 0}
  m_PrefabInternal: {fileID: 100100000}
  m_GameObject: {fileID: 131430}
  m_LocalRotation: {x: 0, y: 0, z: 0, w: 1}
  m_LocalPosition: {x: 0, y: 0, z: 0}
  m_LocalScale: {x: 1, y: 1, z: 1}
  m_Children: []
  m_Father: {fileID: 432598}
  m_RootOrder: 1
--- !u!4 &475660
Transform:
  m_ObjectHideFlags: 1
  m_PrefabParentObject: {fileID: 0}
  m_PrefabInternal: {fileID: 100100000}
  m_GameObject: {fileID: 153664}
  m_LocalRotation: {x: -0.38075298, y: -0.49974245, z: -0.47149938, w: 0.6188481}
  m_LocalPosition: {x: -0.26216415, y: -1.0658141e-16, z: -3.5527136e-17}
  m_LocalScale: {x: 1, y: 1, z: 1}
  m_Children: []
  m_Father: {fileID: 481000}
  m_RootOrder: 0
--- !u!4 &476122
Transform:
  m_ObjectHideFlags: 1
  m_PrefabParentObject: {fileID: 0}
  m_PrefabInternal: {fileID: 100100000}
  m_GameObject: {fileID: 142010}
  m_LocalRotation: {x: 0.16780208, y: -0.4805257, z: -0.22735983, w: 0.8302078}
  m_LocalPosition: {x: 0.34450084, y: 0.0092586875, z: -0.1932518}
  m_LocalScale: {x: 1, y: 1, z: 1}
  m_Children:
  - {fileID: 445326}
  m_Father: {fileID: 437922}
  m_RootOrder: 0
--- !u!4 &476322
Transform:
  m_ObjectHideFlags: 1
  m_PrefabParentObject: {fileID: 0}
  m_PrefabInternal: {fileID: 100100000}
  m_GameObject: {fileID: 107780}
  m_LocalRotation: {x: 0, y: 0, z: 0, w: 1}
  m_LocalPosition: {x: 0, y: -1, z: 0}
  m_LocalScale: {x: 1, y: 1, z: 1}
  m_Children:
  - {fileID: 492548}
  - {fileID: 436174}
  m_Father: {fileID: 422654}
  m_RootOrder: 0
--- !u!4 &477242
Transform:
  m_ObjectHideFlags: 1
  m_PrefabParentObject: {fileID: 0}
  m_PrefabInternal: {fileID: 100100000}
  m_GameObject: {fileID: 188086}
  m_LocalRotation: {x: 0.17504767, y: 0.9841183, z: -0.0066167125, w: 0.02873593}
  m_LocalPosition: {x: 0.4442315, y: -0.013422723, z: -0.0017379327}
  m_LocalScale: {x: 1, y: 1, z: 1}
  m_Children:
  - {fileID: 441496}
  m_Father: {fileID: 436174}
  m_RootOrder: 3
--- !u!4 &479154
Transform:
  m_ObjectHideFlags: 1
  m_PrefabParentObject: {fileID: 0}
  m_PrefabInternal: {fileID: 100100000}
  m_GameObject: {fileID: 161010}
  m_LocalRotation: {x: -0.000040170326, y: 0.010307558, z: 0.0038969354, w: 0.9999393}
  m_LocalPosition: {x: -0.5087734, y: 0, z: -1.847411e-15}
  m_LocalScale: {x: 1, y: 1, z: 1}
  m_Children: []
  m_Father: {fileID: 487442}
  m_RootOrder: 0
--- !u!4 &480998
Transform:
  m_ObjectHideFlags: 1
  m_PrefabParentObject: {fileID: 0}
  m_PrefabInternal: {fileID: 100100000}
  m_GameObject: {fileID: 156472}
  m_LocalRotation: {x: 0, y: 1, z: 0, w: -0.00000016292068}
  m_LocalPosition: {x: 0, y: 13, z: -137.44}
  m_LocalScale: {x: 1, y: 1, z: 1}
  m_Children:
  - {fileID: 460678}
  - {fileID: 432354}
  m_Father: {fileID: 426332}
  m_RootOrder: 0
--- !u!4 &481000
Transform:
  m_ObjectHideFlags: 1
  m_PrefabParentObject: {fileID: 0}
  m_PrefabInternal: {fileID: 100100000}
  m_GameObject: {fileID: 154048}
  m_LocalRotation: {x: -0.012930294, y: -0.06641878, z: 0.3010101, w: 0.95121723}
  m_LocalPosition: {x: 0.07893339, y: -0.29881933, z: -0.07605172}
  m_LocalScale: {x: 1, y: 1, z: 1}
  m_Children:
  - {fileID: 475660}
  m_Father: {fileID: 436174}
  m_RootOrder: 0
--- !u!4 &482254
Transform:
  m_ObjectHideFlags: 1
  m_PrefabParentObject: {fileID: 0}
  m_PrefabInternal: {fileID: 100100000}
  m_GameObject: {fileID: 144550}
  m_LocalRotation: {x: 0.0026396874, y: 0.7055996, z: 0.002650892, w: 0.70860094}
  m_LocalPosition: {x: 0.00000015258789, y: 0.6770526, z: 0.2704866}
  m_LocalScale: {x: 1.0000001, y: 0.99999994, z: 0.99999994}
  m_Children:
  - {fileID: 466480}
  - {fileID: 462652}
  - {fileID: 436796}
  - {fileID: 446090}
  m_Father: {fileID: 411368}
  m_RootOrder: 1
--- !u!4 &485112
Transform:
  m_ObjectHideFlags: 1
  m_PrefabParentObject: {fileID: 0}
  m_PrefabInternal: {fileID: 100100000}
  m_GameObject: {fileID: 106028}
  m_LocalRotation: {x: 0.03637749, y: 0.99862474, z: -0.0018579855, w: 0.037707884}
  m_LocalPosition: {x: -0.5696542, y: 0.00008622199, z: -5.1184904e-16}
  m_LocalScale: {x: 1, y: 1, z: 1}
  m_Children: []
  m_Father: {fileID: 424436}
  m_RootOrder: 0
--- !u!4 &485950
Transform:
  m_ObjectHideFlags: 1
  m_PrefabParentObject: {fileID: 0}
  m_PrefabInternal: {fileID: 100100000}
  m_GameObject: {fileID: 149028}
  m_LocalRotation: {x: 0, y: 0, z: 0, w: 1}
  m_LocalPosition: {x: 0, y: 0, z: 0}
  m_LocalScale: {x: 1, y: 1, z: 1}
  m_Children: []
  m_Father: {fileID: 426332}
  m_RootOrder: 1
--- !u!4 &486160
Transform:
  m_ObjectHideFlags: 1
  m_PrefabParentObject: {fileID: 0}
  m_PrefabInternal: {fileID: 100100000}
  m_GameObject: {fileID: 156508}
  m_LocalRotation: {x: 0.17504767, y: 0.9841183, z: -0.0066167125, w: 0.02873593}
  m_LocalPosition: {x: 0.4442315, y: -0.013422723, z: -0.0017379327}
  m_LocalScale: {x: 1, y: 1, z: 1}
  m_Children:
  - {fileID: 468698}
  m_Father: {fileID: 404076}
  m_RootOrder: 3
--- !u!4 &487442
Transform:
  m_ObjectHideFlags: 1
  m_PrefabParentObject: {fileID: 0}
  m_PrefabInternal: {fileID: 100100000}
  m_GameObject: {fileID: 108054}
  m_LocalRotation: {x: 0.0401662, y: 0.01814674, z: -0.13707067, w: 0.9895802}
  m_LocalPosition: {x: -0.5978305, y: 2.842171e-16, z: 0}
  m_LocalScale: {x: 1, y: 1, z: 1}
  m_Children:
  - {fileID: 479154}
  m_Father: {fileID: 445326}
  m_RootOrder: 0
--- !u!4 &488120
Transform:
  m_ObjectHideFlags: 1
  m_PrefabParentObject: {fileID: 0}
  m_PrefabInternal: {fileID: 100100000}
  m_GameObject: {fileID: 131064}
  m_LocalRotation: {x: 0.4997424, y: -0.38075325, z: 0.61884785, w: 0.4714996}
  m_LocalPosition: {x: -0.2621638, y: -2.1316282e-16, z: 3.5527136e-17}
  m_LocalScale: {x: 1, y: 1, z: 1}
  m_Children: []
  m_Father: {fileID: 462652}
  m_RootOrder: 0
--- !u!4 &491478
Transform:
  m_ObjectHideFlags: 1
  m_PrefabParentObject: {fileID: 0}
  m_PrefabInternal: {fileID: 100100000}
  m_GameObject: {fileID: 195230}
  m_LocalRotation: {x: 0.4997424, y: -0.38075325, z: 0.61884785, w: 0.4714996}
  m_LocalPosition: {x: -0.2621638, y: -2.1316282e-16, z: 3.5527136e-17}
  m_LocalScale: {x: 1, y: 1, z: 1}
  m_Children: []
  m_Father: {fileID: 499972}
  m_RootOrder: 0
--- !u!4 &491528
Transform:
  m_ObjectHideFlags: 1
  m_PrefabParentObject: {fileID: 0}
  m_PrefabInternal: {fileID: 100100000}
  m_GameObject: {fileID: 194454}
  m_LocalRotation: {x: 0.0401662, y: 0.01814674, z: -0.13707067, w: 0.9895802}
  m_LocalPosition: {x: -0.5978305, y: 2.842171e-16, z: 0}
  m_LocalScale: {x: 1, y: 1, z: 1}
  m_Children:
  - {fileID: 409432}
  m_Father: {fileID: 421624}
  m_RootOrder: 0
--- !u!4 &492548
Transform:
  m_ObjectHideFlags: 1
  m_PrefabParentObject: {fileID: 0}
  m_PrefabInternal: {fileID: 100100000}
  m_GameObject: {fileID: 121306}
  m_LocalRotation: {x: 0, y: 0, z: 0, w: 1}
  m_LocalPosition: {x: 0, y: 0, z: 0}
  m_LocalScale: {x: 1, y: 1, z: 1}
  m_Children: []
  m_Father: {fileID: 476322}
  m_RootOrder: 0
--- !u!4 &496012
Transform:
  m_ObjectHideFlags: 1
  m_PrefabParentObject: {fileID: 0}
  m_PrefabInternal: {fileID: 100100000}
  m_GameObject: {fileID: 145098}
  m_LocalRotation: {x: -0.010307921, y: -0.00004016609, z: 0.99993926, w: -0.0038963873}
  m_LocalPosition: {x: -0.50877357, y: -1.4210854e-16, z: 5.684342e-16}
  m_LocalScale: {x: 1, y: 1, z: 1}
  m_Children: []
  m_Father: {fileID: 496614}
  m_RootOrder: 0
--- !u!4 &496614
Transform:
  m_ObjectHideFlags: 1
  m_PrefabParentObject: {fileID: 0}
  m_PrefabInternal: {fileID: 100100000}
  m_GameObject: {fileID: 146028}
  m_LocalRotation: {x: -0.00018845219, y: 0.010306339, z: 0.0104838, w: 0.99989194}
  m_LocalPosition: {x: -0.59783477, y: 1.4210854e-16, z: -2.842171e-16}
  m_LocalScale: {x: 1, y: 1, z: 1}
  m_Children:
  - {fileID: 496012}
  m_Father: {fileID: 443406}
  m_RootOrder: 0
--- !u!4 &497098
Transform:
  m_ObjectHideFlags: 1
  m_PrefabParentObject: {fileID: 0}
  m_PrefabInternal: {fileID: 100100000}
  m_GameObject: {fileID: 112432}
  m_LocalRotation: {x: 0.0401662, y: 0.01814674, z: -0.13707067, w: 0.9895802}
  m_LocalPosition: {x: -0.5978305, y: 2.842171e-16, z: 0}
  m_LocalScale: {x: 1, y: 1, z: 1}
  m_Children:
  - {fileID: 456922}
  m_Father: {fileID: 452088}
  m_RootOrder: 0
--- !u!4 &497448
Transform:
  m_ObjectHideFlags: 1
  m_PrefabParentObject: {fileID: 0}
  m_PrefabInternal: {fileID: 100100000}
  m_GameObject: {fileID: 130838}
  m_LocalRotation: {x: -0.16823547, y: 0.4805113, z: -0.22757551, w: 0.83006936}
  m_LocalPosition: {x: 0.34450045, y: 0.009258971, z: 0.19762413}
  m_LocalScale: {x: 1, y: 1, z: 1}
  m_Children:
  - {fileID: 423906}
  m_Father: {fileID: 433906}
  m_RootOrder: 2
--- !u!4 &497570
Transform:
  m_ObjectHideFlags: 1
  m_PrefabParentObject: {fileID: 0}
  m_PrefabInternal: {fileID: 100100000}
  m_GameObject: {fileID: 130230}
  m_LocalRotation: {x: -0.27676094, y: -0.6528054, z: -0.27880448, w: 0.64770097}
  m_LocalPosition: {x: -0.26918676, y: 0.0070343507, z: 0.000092404036}
  m_LocalScale: {x: 1, y: 1, z: 1}
  m_Children: []
  m_Father: {fileID: 473482}
  m_RootOrder: 0
--- !u!4 &499692
Transform:
  m_ObjectHideFlags: 1
  m_PrefabParentObject: {fileID: 0}
  m_PrefabInternal: {fileID: 100100000}
  m_GameObject: {fileID: 187400}
  m_LocalRotation: {x: -0.00018845219, y: 0.010306339, z: 0.0104838, w: 0.99989194}
  m_LocalPosition: {x: -0.59783477, y: 1.4210854e-16, z: -2.842171e-16}
  m_LocalScale: {x: 1, y: 1, z: 1}
  m_Children:
  - {fileID: 433034}
  m_Father: {fileID: 472506}
  m_RootOrder: 0
--- !u!4 &499972
Transform:
  m_ObjectHideFlags: 1
  m_PrefabParentObject: {fileID: 0}
  m_PrefabInternal: {fileID: 100100000}
  m_GameObject: {fileID: 134616}
  m_LocalRotation: {x: 0.05130252, y: 0.07902761, z: 0.29903182, w: 0.9495803}
  m_LocalPosition: {x: 0.079575635, y: -0.29882395, z: 0.07535968}
  m_LocalScale: {x: 1, y: 1, z: 1}
  m_Children:
  - {fileID: 491478}
  m_Father: {fileID: 404076}
  m_RootOrder: 1
--- !u!65 &6509132
BoxCollider:
  m_ObjectHideFlags: 1
  m_PrefabParentObject: {fileID: 0}
  m_PrefabInternal: {fileID: 100100000}
  m_GameObject: {fileID: 149028}
  m_Material: {fileID: 0}
  m_IsTrigger: 1
  m_Enabled: 1
  serializedVersion: 2
  m_Size: {x: 10, y: 6, z: 60}
  m_Center: {x: 0, y: 3, z: -30}
--- !u!65 &6558892
BoxCollider:
  m_ObjectHideFlags: 1
  m_PrefabParentObject: {fileID: 0}
  m_PrefabInternal: {fileID: 100100000}
  m_GameObject: {fileID: 111108}
  m_Material: {fileID: 0}
  m_IsTrigger: 1
  m_Enabled: 1
  serializedVersion: 2
  m_Size: {x: 10, y: 6, z: 60}
  m_Center: {x: 0, y: 3, z: -30}
--- !u!65 &6596242
BoxCollider:
  m_ObjectHideFlags: 1
  m_PrefabParentObject: {fileID: 0}
  m_PrefabInternal: {fileID: 100100000}
  m_GameObject: {fileID: 172886}
  m_Material: {fileID: 0}
  m_IsTrigger: 1
  m_Enabled: 1
  serializedVersion: 2
  m_Size: {x: 10, y: 6, z: 60}
  m_Center: {x: 0, y: 3, z: -30}
--- !u!95 &9552114
Animator:
  serializedVersion: 3
  m_ObjectHideFlags: 1
  m_PrefabParentObject: {fileID: 0}
  m_PrefabInternal: {fileID: 100100000}
  m_GameObject: {fileID: 107780}
  m_Enabled: 1
  m_Avatar: {fileID: 9000000, guid: fb46273f4ee2d534881672842a7ba226, type: 3}
  m_Controller: {fileID: 9100000, guid: 07abd2fd76138d54aa4fce6ddcdf9a32, type: 2}
  m_CullingMode: 1
  m_UpdateMode: 0
  m_ApplyRootMotion: 0
  m_LinearVelocityBlending: 0
  m_WarningMessage: 
  m_HasTransformHierarchy: 1
  m_AllowConstantClipSamplingOptimization: 1
--- !u!95 &9581480
Animator:
  serializedVersion: 3
  m_ObjectHideFlags: 1
  m_PrefabParentObject: {fileID: 0}
  m_PrefabInternal: {fileID: 100100000}
  m_GameObject: {fileID: 101326}
  m_Enabled: 1
  m_Avatar: {fileID: 9000000, guid: fb46273f4ee2d534881672842a7ba226, type: 3}
  m_Controller: {fileID: 9100000, guid: 07abd2fd76138d54aa4fce6ddcdf9a32, type: 2}
  m_CullingMode: 1
  m_UpdateMode: 0
  m_ApplyRootMotion: 0
  m_LinearVelocityBlending: 0
  m_WarningMessage: 
  m_HasTransformHierarchy: 1
  m_AllowConstantClipSamplingOptimization: 1
--- !u!95 &9589292
Animator:
  serializedVersion: 3
  m_ObjectHideFlags: 1
  m_PrefabParentObject: {fileID: 0}
  m_PrefabInternal: {fileID: 100100000}
  m_GameObject: {fileID: 132556}
  m_Enabled: 1
  m_Avatar: {fileID: 9000000, guid: fb46273f4ee2d534881672842a7ba226, type: 3}
  m_Controller: {fileID: 9100000, guid: 07abd2fd76138d54aa4fce6ddcdf9a32, type: 2}
  m_CullingMode: 1
  m_UpdateMode: 0
  m_ApplyRootMotion: 0
  m_LinearVelocityBlending: 0
  m_WarningMessage: 
  m_HasTransformHierarchy: 1
  m_AllowConstantClipSamplingOptimization: 1
--- !u!114 &11406358
MonoBehaviour:
  m_ObjectHideFlags: 1
  m_PrefabParentObject: {fileID: 0}
  m_PrefabInternal: {fileID: 100100000}
  m_GameObject: {fileID: 161858}
  m_Enabled: 1
  m_EditorHideFlags: 0
  m_Script: {fileID: 11500000, guid: c00d5186082e140488ae1e4733aa9eb3, type: 3}
  m_Name: 
  m_EditorClassIdentifier: 
  associatedPoint: {fileID: 0}
  alwaysVisible: 0
--- !u!114 &11406426
MonoBehaviour:
  m_ObjectHideFlags: 1
  m_PrefabParentObject: {fileID: 0}
  m_PrefabInternal: {fileID: 100100000}
  m_GameObject: {fileID: 104344}
  m_Enabled: 1
  m_EditorHideFlags: 0
  m_Script: {fileID: 11500000, guid: c00d5186082e140488ae1e4733aa9eb3, type: 3}
  m_Name: 
  m_EditorClassIdentifier: 
  associatedPoint: {fileID: 0}
  alwaysVisible: 0
--- !u!114 &11410712
MonoBehaviour:
  m_ObjectHideFlags: 1
  m_PrefabParentObject: {fileID: 0}
  m_PrefabInternal: {fileID: 100100000}
  m_GameObject: {fileID: 122042}
  m_Enabled: 1
  m_EditorHideFlags: 0
  m_Script: {fileID: 11500000, guid: da786fb8c8be25548956f74b24db53cf, type: 3}
  m_Name: 
  m_EditorClassIdentifier: 
  lilDragonController: {fileID: 11444116}
--- !u!114 &11412726
MonoBehaviour:
  m_ObjectHideFlags: 1
  m_PrefabParentObject: {fileID: 0}
  m_PrefabInternal: {fileID: 100100000}
  m_GameObject: {fileID: 153418}
  m_Enabled: 1
  m_EditorHideFlags: 0
  m_Script: {fileID: 11500000, guid: b54f63368496152458286845e8e5cac2, type: 3}
  m_Name: 
  m_EditorClassIdentifier: 
--- !u!114 &11426656
MonoBehaviour:
  m_ObjectHideFlags: 1
  m_PrefabParentObject: {fileID: 0}
  m_PrefabInternal: {fileID: 100100000}
  m_GameObject: {fileID: 172886}
  m_Enabled: 1
  m_EditorHideFlags: 0
  m_Script: {fileID: 11500000, guid: ccad05af883ace543a77251c49901ae7, type: 3}
  m_Name: 
  m_EditorClassIdentifier: 
  targetEntity: {fileID: 11455902}
  targetThreatPosition: {fileID: 436174}
--- !u!114 &11430056
MonoBehaviour:
  m_ObjectHideFlags: 1
  m_PrefabParentObject: {fileID: 0}
  m_PrefabInternal: {fileID: 100100000}
  m_GameObject: {fileID: 149028}
  m_Enabled: 1
  m_EditorHideFlags: 0
  m_Script: {fileID: 11500000, guid: 1238d79e7402e7341a1a7e4563b8d6c7, type: 3}
  m_Name: 
  m_EditorClassIdentifier: 
  lilDragonController: {fileID: 11444116}
--- !u!114 &11431960
MonoBehaviour:
  m_ObjectHideFlags: 1
  m_PrefabParentObject: {fileID: 0}
  m_PrefabInternal: {fileID: 100100000}
  m_GameObject: {fileID: 153418}
  m_Enabled: 1
  m_EditorHideFlags: 0
  m_Script: {fileID: 11500000, guid: 8362af9083457ee4faf4e7971099b163, type: 3}
  m_Name: 
  m_EditorClassIdentifier: 
  lifeHits: 1
  objectToDisable: {fileID: 0}
--- !u!114 &11442744
MonoBehaviour:
  m_ObjectHideFlags: 1
  m_PrefabParentObject: {fileID: 0}
  m_PrefabInternal: {fileID: 100100000}
  m_GameObject: {fileID: 172886}
  m_Enabled: 1
  m_EditorHideFlags: 0
  m_Script: {fileID: 11500000, guid: 1238d79e7402e7341a1a7e4563b8d6c7, type: 3}
  m_Name: 
  m_EditorClassIdentifier: 
  lilDragonController: {fileID: 11455902}
--- !u!114 &11444116
MonoBehaviour:
  m_ObjectHideFlags: 1
  m_PrefabParentObject: {fileID: 0}
  m_PrefabInternal: {fileID: 100100000}
  m_GameObject: {fileID: 156472}
  m_Enabled: 1
  m_EditorHideFlags: 0
  m_Script: {fileID: 11500000, guid: ca6de8040e5859743a153c1074e227b9, type: 3}
  m_Name: 
  m_EditorClassIdentifier: 
  lives: 2
  score: 100
  addMultiplierHit: 1
  isCritical: 0
  isDetectableThreat: 0
  threatTarget: {fileID: 0}
  entityRenderer: {fileID: 0}
  hitEffect: {fileID: 120114, guid: dcc6fd9fe71687544a07fc1bcefbe71f, type: 2}
  critEffect: {fileID: 195050, guid: 07d6c41d965ea9647b31708f4eba546e, type: 2}
  entityRagdoll: {fileID: 167126, guid: 7d0b03052bc77df479d4986556ec2d2a, type: 2}
  topEntityBone: {fileID: 404076}
  force: 500
  entityAnimator: {fileID: 9581480}
  speed: 27.5
  falling: 0
  attack: 0
  attackTarget: {fileID: 0}
  lastAttackPosition: {x: 0, y: 0, z: 0}
--- !u!114 &11445286
MonoBehaviour:
  m_ObjectHideFlags: 1
  m_PrefabParentObject: {fileID: 0}
  m_PrefabInternal: {fileID: 100100000}
  m_GameObject: {fileID: 113090}
  m_Enabled: 1
  m_EditorHideFlags: 0
  m_Script: {fileID: 11500000, guid: ca6de8040e5859743a153c1074e227b9, type: 3}
  m_Name: 
  m_EditorClassIdentifier: 
  lives: 2
  score: 100
  addMultiplierHit: 1
  isCritical: 0
  isDetectableThreat: 0
  threatTarget: {fileID: 0}
  entityRenderer: {fileID: 0}
  hitEffect: {fileID: 120114, guid: dcc6fd9fe71687544a07fc1bcefbe71f, type: 2}
  critEffect: {fileID: 195050, guid: 07d6c41d965ea9647b31708f4eba546e, type: 2}
  entityRagdoll: {fileID: 167126, guid: 7d0b03052bc77df479d4986556ec2d2a, type: 2}
  topEntityBone: {fileID: 482254}
  force: 500
  entityAnimator: {fileID: 9589292}
  speed: 27.5
  falling: 0
  attack: 0
  attackTarget: {fileID: 0}
  lastAttackPosition: {x: 0, y: 0, z: 0}
--- !u!114 &11448134
MonoBehaviour:
  m_ObjectHideFlags: 1
  m_PrefabParentObject: {fileID: 0}
  m_PrefabInternal: {fileID: 100100000}
  m_GameObject: {fileID: 156472}
  m_Enabled: 1
  m_EditorHideFlags: 0
  m_Script: {fileID: 11500000, guid: 8362af9083457ee4faf4e7971099b163, type: 3}
  m_Name: 
  m_EditorClassIdentifier: 
  lifeHits: 1
  objectToDisable: {fileID: 0}
--- !u!114 &11453040
MonoBehaviour:
  m_ObjectHideFlags: 1
  m_PrefabParentObject: {fileID: 0}
  m_PrefabInternal: {fileID: 100100000}
  m_GameObject: {fileID: 155458}
  m_Enabled: 1
  m_EditorHideFlags: 0
  m_Script: {fileID: 11500000, guid: c00d5186082e140488ae1e4733aa9eb3, type: 3}
  m_Name: 
  m_EditorClassIdentifier: 
  associatedPoint: {fileID: 0}
  alwaysVisible: 0
--- !u!114 &11455902
MonoBehaviour:
  m_ObjectHideFlags: 1
  m_PrefabParentObject: {fileID: 0}
  m_PrefabInternal: {fileID: 100100000}
  m_GameObject: {fileID: 153418}
  m_Enabled: 1
  m_EditorHideFlags: 0
  m_Script: {fileID: 11500000, guid: ca6de8040e5859743a153c1074e227b9, type: 3}
  m_Name: 
  m_EditorClassIdentifier: 
  lives: 2
  score: 100
  addMultiplierHit: 1
  isCritical: 0
  isDetectableThreat: 0
  threatTarget: {fileID: 0}
  entityRenderer: {fileID: 0}
  hitEffect: {fileID: 120114, guid: dcc6fd9fe71687544a07fc1bcefbe71f, type: 2}
  critEffect: {fileID: 195050, guid: 07d6c41d965ea9647b31708f4eba546e, type: 2}
  entityRagdoll: {fileID: 167126, guid: 7d0b03052bc77df479d4986556ec2d2a, type: 2}
  topEntityBone: {fileID: 436174}
  force: 500
  entityAnimator: {fileID: 9552114}
  speed: 27.5
  falling: 0
  attack: 0
  attackTarget: {fileID: 0}
  lastAttackPosition: {x: 0, y: 0, z: 0}
--- !u!114 &11456580
MonoBehaviour:
  m_ObjectHideFlags: 1
  m_PrefabParentObject: {fileID: 0}
  m_PrefabInternal: {fileID: 100100000}
  m_GameObject: {fileID: 171334}
  m_Enabled: 1
  m_EditorHideFlags: 0
  m_Script: {fileID: 11500000, guid: da786fb8c8be25548956f74b24db53cf, type: 3}
  m_Name: 
  m_EditorClassIdentifier: 
  lilDragonController: {fileID: 11455902}
--- !u!114 &11459358
MonoBehaviour:
  m_ObjectHideFlags: 1
  m_PrefabParentObject: {fileID: 0}
  m_PrefabInternal: {fileID: 100100000}
  m_GameObject: {fileID: 113090}
  m_Enabled: 1
  m_EditorHideFlags: 0
  m_Script: {fileID: 11500000, guid: b54f63368496152458286845e8e5cac2, type: 3}
  m_Name: 
  m_EditorClassIdentifier: 
--- !u!114 &11462104
MonoBehaviour:
  m_ObjectHideFlags: 1
  m_PrefabParentObject: {fileID: 0}
  m_PrefabInternal: {fileID: 100100000}
  m_GameObject: {fileID: 113090}
  m_Enabled: 1
  m_EditorHideFlags: 0
  m_Script: {fileID: 11500000, guid: 8362af9083457ee4faf4e7971099b163, type: 3}
  m_Name: 
  m_EditorClassIdentifier: 
  lifeHits: 1
  objectToDisable: {fileID: 0}
--- !u!114 &11473396
MonoBehaviour:
  m_ObjectHideFlags: 1
  m_PrefabParentObject: {fileID: 0}
  m_PrefabInternal: {fileID: 100100000}
  m_GameObject: {fileID: 149028}
  m_Enabled: 1
  m_EditorHideFlags: 0
  m_Script: {fileID: 11500000, guid: ccad05af883ace543a77251c49901ae7, type: 3}
  m_Name: 
  m_EditorClassIdentifier: 
  targetEntity: {fileID: 11444116}
  targetThreatPosition: {fileID: 404076}
--- !u!114 &11477412
MonoBehaviour:
  m_ObjectHideFlags: 1
  m_PrefabParentObject: {fileID: 0}
  m_PrefabInternal: {fileID: 100100000}
  m_GameObject: {fileID: 111108}
  m_Enabled: 1
  m_EditorHideFlags: 0
  m_Script: {fileID: 11500000, guid: 1238d79e7402e7341a1a7e4563b8d6c7, type: 3}
  m_Name: 
  m_EditorClassIdentifier: 
  lilDragonController: {fileID: 11445286}
--- !u!114 &11478168
MonoBehaviour:
  m_ObjectHideFlags: 1
  m_PrefabParentObject: {fileID: 0}
  m_PrefabInternal: {fileID: 100100000}
  m_GameObject: {fileID: 131430}
  m_Enabled: 1
  m_EditorHideFlags: 0
  m_Script: {fileID: 11500000, guid: da786fb8c8be25548956f74b24db53cf, type: 3}
  m_Name: 
  m_EditorClassIdentifier: 
  lilDragonController: {fileID: 11445286}
--- !u!114 &11485534
MonoBehaviour:
  m_ObjectHideFlags: 1
  m_PrefabParentObject: {fileID: 0}
  m_PrefabInternal: {fileID: 100100000}
  m_GameObject: {fileID: 111108}
  m_Enabled: 1
  m_EditorHideFlags: 0
  m_Script: {fileID: 11500000, guid: ccad05af883ace543a77251c49901ae7, type: 3}
  m_Name: 
  m_EditorClassIdentifier: 
  targetEntity: {fileID: 11445286}
  targetThreatPosition: {fileID: 482254}
--- !u!114 &11493100
MonoBehaviour:
  m_ObjectHideFlags: 1
  m_PrefabParentObject: {fileID: 0}
  m_PrefabInternal: {fileID: 100100000}
  m_GameObject: {fileID: 156472}
  m_Enabled: 1
  m_EditorHideFlags: 0
  m_Script: {fileID: 11500000, guid: b54f63368496152458286845e8e5cac2, type: 3}
  m_Name: 
  m_EditorClassIdentifier: 
--- !u!135 &13521170
SphereCollider:
  m_ObjectHideFlags: 1
  m_PrefabParentObject: {fileID: 0}
  m_PrefabInternal: {fileID: 100100000}
  m_GameObject: {fileID: 156472}
  m_Material: {fileID: 0}
  m_IsTrigger: 1
  m_Enabled: 1
  serializedVersion: 2
  m_Radius: 1.5
  m_Center: {x: 0, y: 0, z: 0}
--- !u!135 &13538726
SphereCollider:
  m_ObjectHideFlags: 1
  m_PrefabParentObject: {fileID: 0}
  m_PrefabInternal: {fileID: 100100000}
  m_GameObject: {fileID: 113090}
  m_Material: {fileID: 0}
  m_IsTrigger: 1
  m_Enabled: 1
  serializedVersion: 2
  m_Radius: 1.5
  m_Center: {x: 0, y: 0, z: 0}
--- !u!135 &13541398
SphereCollider:
  m_ObjectHideFlags: 1
  m_PrefabParentObject: {fileID: 0}
  m_PrefabInternal: {fileID: 100100000}
  m_GameObject: {fileID: 153418}
  m_Material: {fileID: 0}
  m_IsTrigger: 1
  m_Enabled: 1
  serializedVersion: 2
  m_Radius: 1.5
  m_Center: {x: 0, y: 0, z: 0}
--- !u!135 &13559198
SphereCollider:
  m_ObjectHideFlags: 1
  m_PrefabParentObject: {fileID: 0}
  m_PrefabInternal: {fileID: 100100000}
  m_GameObject: {fileID: 122042}
  m_Material: {fileID: 0}
  m_IsTrigger: 1
  m_Enabled: 1
  serializedVersion: 2
  m_Radius: 10
  m_Center: {x: 0, y: 0, z: 0}
--- !u!135 &13567168
SphereCollider:
  m_ObjectHideFlags: 1
  m_PrefabParentObject: {fileID: 0}
  m_PrefabInternal: {fileID: 100100000}
  m_GameObject: {fileID: 131430}
  m_Material: {fileID: 0}
  m_IsTrigger: 1
  m_Enabled: 1
  serializedVersion: 2
  m_Radius: 10
  m_Center: {x: 0, y: 0, z: 0}
--- !u!135 &13586216
SphereCollider:
  m_ObjectHideFlags: 1
  m_PrefabParentObject: {fileID: 0}
  m_PrefabInternal: {fileID: 100100000}
  m_GameObject: {fileID: 171334}
  m_Material: {fileID: 0}
  m_IsTrigger: 1
  m_Enabled: 1
  serializedVersion: 2
  m_Radius: 10
  m_Center: {x: 0, y: 0, z: 0}
--- !u!137 &13712076
SkinnedMeshRenderer:
  m_ObjectHideFlags: 1
  m_PrefabParentObject: {fileID: 0}
  m_PrefabInternal: {fileID: 100100000}
  m_GameObject: {fileID: 174434}
  m_Enabled: 1
  m_CastShadows: 1
  m_ReceiveShadows: 1
  m_Materials:
  - {fileID: 2100000, guid: f9cba09d2287681468f2ae815de44ba7, type: 2}
  m_SubsetIndices: 
  m_StaticBatchRoot: {fileID: 0}
  m_UseLightProbes: 1
  m_ReflectionProbeUsage: 1
  m_ProbeAnchor: {fileID: 0}
  m_ScaleInLightmap: 1
  m_PreserveUVs: 0
  m_IgnoreNormalsForChartDetection: 0
  m_ImportantGI: 0
  m_MinimumChartSize: 4
  m_AutoUVMaxDistance: 0.5
  m_AutoUVMaxAngle: 89
  m_LightmapParameters: {fileID: 0}
  m_SortingLayerID: 0
  m_SortingOrder: 0
  serializedVersion: 2
  m_Quality: 0
  m_UpdateWhenOffscreen: 0
  m_Mesh: {fileID: 4300000, guid: fb46273f4ee2d534881672842a7ba226, type: 3}
  m_Bones:
  - {fileID: 482254}
  - {fileID: 436796}
  - {fileID: 473482}
  - {fileID: 497570}
  - {fileID: 402876}
  - {fileID: 421624}
  - {fileID: 491528}
  - {fileID: 409432}
  - {fileID: 446804}
  - {fileID: 443406}
  - {fileID: 496614}
  - {fileID: 496012}
  - {fileID: 446090}
  - {fileID: 424436}
  - {fileID: 485112}
  - {fileID: 466480}
  - {fileID: 449998}
  - {fileID: 462652}
  - {fileID: 488120}
  m_BlendShapeWeights: []
  m_RootBone: {fileID: 482254}
  m_AABB:
    m_Center: {x: 0.22810638, y: 0.22526741, z: 0.0007202625}
    m_Extent: {x: 1.5889319, y: 0.8806441, z: 1.8832598}
  m_DirtyAABB: 0
--- !u!137 &13767084
SkinnedMeshRenderer:
  m_ObjectHideFlags: 1
  m_PrefabParentObject: {fileID: 0}
  m_PrefabInternal: {fileID: 100100000}
  m_GameObject: {fileID: 104988}
  m_Enabled: 1
  m_CastShadows: 1
  m_ReceiveShadows: 1
  m_Materials:
  - {fileID: 2100000, guid: f9cba09d2287681468f2ae815de44ba7, type: 2}
  m_SubsetIndices: 
  m_StaticBatchRoot: {fileID: 0}
  m_UseLightProbes: 1
  m_ReflectionProbeUsage: 1
  m_ProbeAnchor: {fileID: 0}
  m_ScaleInLightmap: 1
  m_PreserveUVs: 0
  m_IgnoreNormalsForChartDetection: 0
  m_ImportantGI: 0
  m_MinimumChartSize: 4
  m_AutoUVMaxDistance: 0.5
  m_AutoUVMaxAngle: 89
  m_LightmapParameters: {fileID: 0}
  m_SortingLayerID: 0
  m_SortingOrder: 0
  serializedVersion: 2
  m_Quality: 0
  m_UpdateWhenOffscreen: 0
  m_Mesh: {fileID: 4300000, guid: fb46273f4ee2d534881672842a7ba226, type: 3}
  m_Bones:
  - {fileID: 404076}
  - {fileID: 437922}
  - {fileID: 465880}
  - {fileID: 410922}
  - {fileID: 476122}
  - {fileID: 445326}
  - {fileID: 487442}
  - {fileID: 479154}
  - {fileID: 465776}
  - {fileID: 472506}
  - {fileID: 499692}
  - {fileID: 433034}
  - {fileID: 486160}
  - {fileID: 468698}
  - {fileID: 462076}
  - {fileID: 447486}
  - {fileID: 440486}
  - {fileID: 499972}
  - {fileID: 491478}
  m_BlendShapeWeights: []
  m_RootBone: {fileID: 404076}
  m_AABB:
    m_Center: {x: 0.22810638, y: 0.22526741, z: 0.0007202625}
    m_Extent: {x: 1.5889319, y: 0.8806441, z: 1.8832598}
  m_DirtyAABB: 0
--- !u!137 &13769996
SkinnedMeshRenderer:
  m_ObjectHideFlags: 1
  m_PrefabParentObject: {fileID: 0}
  m_PrefabInternal: {fileID: 100100000}
  m_GameObject: {fileID: 121306}
  m_Enabled: 1
  m_CastShadows: 1
  m_ReceiveShadows: 1
  m_Materials:
  - {fileID: 2100000, guid: f9cba09d2287681468f2ae815de44ba7, type: 2}
  m_SubsetIndices: 
  m_StaticBatchRoot: {fileID: 0}
  m_UseLightProbes: 1
  m_ReflectionProbeUsage: 1
  m_ProbeAnchor: {fileID: 0}
  m_ScaleInLightmap: 1
  m_PreserveUVs: 0
  m_IgnoreNormalsForChartDetection: 0
  m_ImportantGI: 0
  m_MinimumChartSize: 4
  m_AutoUVMaxDistance: 0.5
  m_AutoUVMaxAngle: 89
  m_LightmapParameters: {fileID: 0}
  m_SortingLayerID: 0
  m_SortingOrder: 0
  serializedVersion: 2
  m_Quality: 0
  m_UpdateWhenOffscreen: 0
  m_Mesh: {fileID: 4300000, guid: fb46273f4ee2d534881672842a7ba226, type: 3}
  m_Bones:
  - {fileID: 436174}
  - {fileID: 433906}
  - {fileID: 428916}
  - {fileID: 436512}
  - {fileID: 462564}
  - {fileID: 452088}
  - {fileID: 497098}
  - {fileID: 456922}
  - {fileID: 497448}
  - {fileID: 423906}
  - {fileID: 443162}
  - {fileID: 437212}
  - {fileID: 477242}
  - {fileID: 441496}
  - {fileID: 472354}
  - {fileID: 481000}
  - {fileID: 475660}
  - {fileID: 422172}
  - {fileID: 473700}
  m_BlendShapeWeights: []
  m_RootBone: {fileID: 436174}
  m_AABB:
    m_Center: {x: 0.22810638, y: 0.22526741, z: 0.0007202625}
    m_Extent: {x: 1.5889319, y: 0.8806441, z: 1.8832598}
  m_DirtyAABB: 0
--- !u!1001 &100100000
Prefab:
  m_ObjectHideFlags: 1
  serializedVersion: 2
  m_Modification:
    m_TransformParent: {fileID: 0}
    m_Modifications: []
    m_RemovedComponents: []
  m_ParentPrefab: {fileID: 0}
  m_RootGameObject: {fileID: 190160}
  m_IsPrefabParent: 1
