%YAML 1.1
%TAG !u! tag:unity3d.com,2011:
--- !u!1001 &100100000
Prefab:
  m_ObjectHideFlags: 1
  serializedVersion: 2
  m_Modification:
    m_TransformParent: {fileID: 0}
    m_Modifications: []
    m_RemovedComponents: []
  m_ParentPrefab: {fileID: 0}
  m_RootGameObject: {fileID: 1000012018012786}
  m_IsPrefabParent: 1
--- !u!1 &1000010078008054
GameObject:
  m_ObjectHideFlags: 1
  m_PrefabParentObject: {fileID: 0}
  m_PrefabInternal: {fileID: 100100000}
  serializedVersion: 4
  m_Component:
  - 4: {fileID: 4000010135170480}
  m_Layer: 0
  m_Name: bossjungle_LeftArm
  m_TagString: Untagged
  m_Icon: {fileID: 0}
  m_NavMeshLayer: 0
  m_StaticEditorFlags: 0
  m_IsActive: 1
--- !u!1 &1000010100241242
GameObject:
  m_ObjectHideFlags: 1
  m_PrefabParentObject: {fileID: 0}
  m_PrefabInternal: {fileID: 100100000}
  serializedVersion: 4
  m_Component:
  - 4: {fileID: 4000013241155894}
  m_Layer: 0
  m_Name: bossjungle_LeftShoulder
  m_TagString: Untagged
  m_Icon: {fileID: 0}
  m_NavMeshLayer: 0
  m_StaticEditorFlags: 0
  m_IsActive: 1
--- !u!1 &1000010100840688
GameObject:
  m_ObjectHideFlags: 0
  m_PrefabParentObject: {fileID: 0}
  m_PrefabInternal: {fileID: 100100000}
  serializedVersion: 4
  m_Component:
  - 4: {fileID: 4000013212251534}
  m_Layer: 0
  m_Name: bossjungle_Reference
  m_TagString: Untagged
  m_Icon: {fileID: 0}
  m_NavMeshLayer: 0
  m_StaticEditorFlags: 0
  m_IsActive: 1
--- !u!1 &1000010165436264
GameObject:
  m_ObjectHideFlags: 1
  m_PrefabParentObject: {fileID: 0}
  m_PrefabInternal: {fileID: 100100000}
  serializedVersion: 4
  m_Component:
  - 4: {fileID: 4000014164624022}
  m_Layer: 0
  m_Name: locator_int_izq
  m_TagString: Untagged
  m_Icon: {fileID: 0}
  m_NavMeshLayer: 0
  m_StaticEditorFlags: 0
  m_IsActive: 1
--- !u!1 &1000010261317104
GameObject:
  m_ObjectHideFlags: 1
  m_PrefabParentObject: {fileID: 0}
  m_PrefabInternal: {fileID: 100100000}
  serializedVersion: 4
  m_Component:
  - 4: {fileID: 4000011336857618}
  m_Layer: 0
  m_Name: bossjungle_tail4
  m_TagString: Untagged
  m_Icon: {fileID: 0}
  m_NavMeshLayer: 0
  m_StaticEditorFlags: 0
  m_IsActive: 1
--- !u!1 &1000010635477496
GameObject:
  m_ObjectHideFlags: 1
  m_PrefabParentObject: {fileID: 0}
  m_PrefabInternal: {fileID: 100100000}
  serializedVersion: 4
  m_Component:
  - 4: {fileID: 4000013699652472}
  - 33: {fileID: 33000013101750674}
  - 23: {fileID: 23000011067405524}
  m_Layer: 0
  m_Name: boomerang_ext_dcha
  m_TagString: Untagged
  m_Icon: {fileID: 0}
  m_NavMeshLayer: 0
  m_StaticEditorFlags: 0
  m_IsActive: 1
--- !u!1 &1000010694267110
GameObject:
  m_ObjectHideFlags: 1
  m_PrefabParentObject: {fileID: 0}
  m_PrefabInternal: {fileID: 100100000}
  serializedVersion: 4
  m_Component:
  - 4: {fileID: 4000012832353880}
  - 120: {fileID: 120000010733004364}
  m_Layer: 0
  m_Name: RaysOrigin
  m_TagString: Untagged
  m_Icon: {fileID: -1944569537103914328, guid: 0000000000000000d000000000000000, type: 0}
  m_NavMeshLayer: 0
  m_StaticEditorFlags: 0
  m_IsActive: 0
--- !u!1 &1000010801058006
GameObject:
  m_ObjectHideFlags: 1
  m_PrefabParentObject: {fileID: 0}
  m_PrefabInternal: {fileID: 100100000}
  serializedVersion: 4
  m_Component:
  - 4: {fileID: 4000013526844096}
  m_Layer: 0
  m_Name: bossjungle_LeftUpLeg
  m_TagString: Untagged
  m_Icon: {fileID: 0}
  m_NavMeshLayer: 0
  m_StaticEditorFlags: 0
  m_IsActive: 1
--- !u!1 &1000010868926746
GameObject:
  m_ObjectHideFlags: 1
  m_PrefabParentObject: {fileID: 0}
  m_PrefabInternal: {fileID: 100100000}
  serializedVersion: 4
  m_Component:
  - 4: {fileID: 4000010484216476}
  m_Layer: 0
  m_Name: bossjungle_RightForeArm
  m_TagString: Untagged
  m_Icon: {fileID: 0}
  m_NavMeshLayer: 0
  m_StaticEditorFlags: 0
  m_IsActive: 1
--- !u!1 &1000011235818434
GameObject:
  m_ObjectHideFlags: 1
  m_PrefabParentObject: {fileID: 0}
  m_PrefabInternal: {fileID: 100100000}
  serializedVersion: 4
  m_Component:
  - 4: {fileID: 4000013662007592}
  m_Layer: 0
  m_Name: bossjungle_Spine1
  m_TagString: Untagged
  m_Icon: {fileID: 0}
  m_NavMeshLayer: 0
  m_StaticEditorFlags: 0
  m_IsActive: 1
--- !u!1 &1000011404648850
GameObject:
  m_ObjectHideFlags: 1
  m_PrefabParentObject: {fileID: 0}
  m_PrefabInternal: {fileID: 100100000}
  serializedVersion: 4
  m_Component:
  - 4: {fileID: 4000011441570938}
  m_Layer: 0
  m_Name: bossjungle_RightLeg
  m_TagString: Untagged
  m_Icon: {fileID: 0}
  m_NavMeshLayer: 0
  m_StaticEditorFlags: 0
  m_IsActive: 1
--- !u!1 &1000011410779382
GameObject:
  m_ObjectHideFlags: 1
  m_PrefabParentObject: {fileID: 0}
  m_PrefabInternal: {fileID: 100100000}
  serializedVersion: 4
  m_Component:
  - 4: {fileID: 4000012932034062}
  m_Layer: 0
  m_Name: bossjungle_LeftLeg
  m_TagString: Untagged
  m_Icon: {fileID: 0}
  m_NavMeshLayer: 0
  m_StaticEditorFlags: 0
  m_IsActive: 1
--- !u!1 &1000011447406210
GameObject:
  m_ObjectHideFlags: 1
  m_PrefabParentObject: {fileID: 0}
  m_PrefabInternal: {fileID: 100100000}
  serializedVersion: 4
  m_Component:
  - 4: {fileID: 4000012382815688}
  m_Layer: 0
  m_Name: bossjungle_LeftForeArm
  m_TagString: Untagged
  m_Icon: {fileID: 0}
  m_NavMeshLayer: 0
  m_StaticEditorFlags: 0
  m_IsActive: 1
--- !u!1 &1000011540780220
GameObject:
  m_ObjectHideFlags: 1
  m_PrefabParentObject: {fileID: 0}
  m_PrefabInternal: {fileID: 100100000}
  serializedVersion: 4
  m_Component:
  - 4: {fileID: 4000013089206508}
  m_Layer: 0
  m_Name: bossjungle_Head
  m_TagString: Untagged
  m_Icon: {fileID: 0}
  m_NavMeshLayer: 0
  m_StaticEditorFlags: 0
  m_IsActive: 1
--- !u!1 &1000011571471844
GameObject:
  m_ObjectHideFlags: 1
  m_PrefabParentObject: {fileID: 0}
  m_PrefabInternal: {fileID: 100100000}
  serializedVersion: 4
  m_Component:
  - 4: {fileID: 4000012039339090}
  m_Layer: 0
  m_Name: locator_ext_dcha
  m_TagString: Untagged
  m_Icon: {fileID: 0}
  m_NavMeshLayer: 0
  m_StaticEditorFlags: 0
  m_IsActive: 1
--- !u!1 &1000011887924052
GameObject:
  m_ObjectHideFlags: 1
  m_PrefabParentObject: {fileID: 0}
  m_PrefabInternal: {fileID: 100100000}
  serializedVersion: 4
  m_Component:
  - 4: {fileID: 4000010607942140}
  - 33: {fileID: 33000010227503542}
  - 23: {fileID: 23000013591778084}
  m_Layer: 0
  m_Name: boomerang_ext_izq
  m_TagString: Untagged
  m_Icon: {fileID: 0}
  m_NavMeshLayer: 0
  m_StaticEditorFlags: 0
  m_IsActive: 1
--- !u!1 &1000012018012786
GameObject:
  m_ObjectHideFlags: 0
  m_PrefabParentObject: {fileID: 0}
  m_PrefabInternal: {fileID: 100100000}
  serializedVersion: 4
  m_Component:
  - 4: {fileID: 4000014073689704}
  - 95: {fileID: 95000013721090862}
  m_Layer: 0
  m_Name: Asur
  m_TagString: Untagged
  m_Icon: {fileID: 0}
  m_NavMeshLayer: 0
  m_StaticEditorFlags: 0
  m_IsActive: 1
--- !u!1 &1000012235394204
GameObject:
  m_ObjectHideFlags: 1
  m_PrefabParentObject: {fileID: 0}
  m_PrefabInternal: {fileID: 100100000}
  serializedVersion: 4
  m_Component:
  - 4: {fileID: 4000013190016270}
  m_Layer: 0
  m_Name: bossjungle_RightArm
  m_TagString: Untagged
  m_Icon: {fileID: 0}
  m_NavMeshLayer: 0
  m_StaticEditorFlags: 0
  m_IsActive: 1
--- !u!1 &1000012363443062
GameObject:
  m_ObjectHideFlags: 1
  m_PrefabParentObject: {fileID: 0}
  m_PrefabInternal: {fileID: 100100000}
  serializedVersion: 4
  m_Component:
  - 4: {fileID: 4000012117584082}
  m_Layer: 0
  m_Name: bossjungle_tail5
  m_TagString: Untagged
  m_Icon: {fileID: 0}
  m_NavMeshLayer: 0
  m_StaticEditorFlags: 0
  m_IsActive: 1
--- !u!1 &1000012373640650
GameObject:
  m_ObjectHideFlags: 1
  m_PrefabParentObject: {fileID: 0}
  m_PrefabInternal: {fileID: 100100000}
  serializedVersion: 4
  m_Component:
  - 4: {fileID: 4000010762515640}
  m_Layer: 0
  m_Name: bossjungle_LeftFoot
  m_TagString: Untagged
  m_Icon: {fileID: 0}
  m_NavMeshLayer: 0
  m_StaticEditorFlags: 0
  m_IsActive: 1
--- !u!1 &1000012691720628
GameObject:
  m_ObjectHideFlags: 0
  m_PrefabParentObject: {fileID: 0}
  m_PrefabInternal: {fileID: 100100000}
  serializedVersion: 4
  m_Component:
  - 4: {fileID: 4000011396157420}
  - 137: {fileID: 137000011554011586}
  m_Layer: 0
  m_Name: boss_jungle
  m_TagString: Untagged
  m_Icon: {fileID: 0}
  m_NavMeshLayer: 0
  m_StaticEditorFlags: 0
  m_IsActive: 1
--- !u!1 &1000012775428944
GameObject:
  m_ObjectHideFlags: 1
  m_PrefabParentObject: {fileID: 0}
  m_PrefabInternal: {fileID: 100100000}
  serializedVersion: 4
  m_Component:
  - 4: {fileID: 4000014213531330}
  m_Layer: 0
  m_Name: bossjungle_tail2
  m_TagString: Untagged
  m_Icon: {fileID: 0}
  m_NavMeshLayer: 0
  m_StaticEditorFlags: 0
  m_IsActive: 1
--- !u!1 &1000012780224442
GameObject:
  m_ObjectHideFlags: 1
  m_PrefabParentObject: {fileID: 0}
  m_PrefabInternal: {fileID: 100100000}
  serializedVersion: 4
  m_Component:
  - 4: {fileID: 4000010666963058}
  - 33: {fileID: 33000012359707482}
  - 23: {fileID: 23000011908445326}
  m_Layer: 0
  m_Name: boomerang_int_dcha
  m_TagString: Untagged
  m_Icon: {fileID: 0}
  m_NavMeshLayer: 0
  m_StaticEditorFlags: 0
  m_IsActive: 1
--- !u!1 &1000012787571446
GameObject:
  m_ObjectHideFlags: 1
  m_PrefabParentObject: {fileID: 0}
  m_PrefabInternal: {fileID: 100100000}
  serializedVersion: 4
  m_Component:
  - 4: {fileID: 4000012601371354}
  m_Layer: 0
  m_Name: locator_ext_izq
  m_TagString: Untagged
  m_Icon: {fileID: 0}
  m_NavMeshLayer: 0
  m_StaticEditorFlags: 0
  m_IsActive: 1
--- !u!1 &1000012983885596
GameObject:
  m_ObjectHideFlags: 1
  m_PrefabParentObject: {fileID: 0}
  m_PrefabInternal: {fileID: 100100000}
  serializedVersion: 4
  m_Component:
  - 4: {fileID: 4000014147197806}
  m_Layer: 0
  m_Name: bossjungle_Spine
  m_TagString: Untagged
  m_Icon: {fileID: 0}
  m_NavMeshLayer: 0
  m_StaticEditorFlags: 0
  m_IsActive: 1
--- !u!1 &1000013099391954
GameObject:
  m_ObjectHideFlags: 1
  m_PrefabParentObject: {fileID: 0}
  m_PrefabInternal: {fileID: 100100000}
  serializedVersion: 4
  m_Component:
  - 4: {fileID: 4000011132533666}
  - 33: {fileID: 33000010984870224}
  - 23: {fileID: 23000013990746412}
  m_Layer: 0
  m_Name: boomerang_int_izq
  m_TagString: Untagged
  m_Icon: {fileID: 0}
  m_NavMeshLayer: 0
  m_StaticEditorFlags: 0
  m_IsActive: 1
--- !u!1 &1000013104677458
GameObject:
  m_ObjectHideFlags: 1
  m_PrefabParentObject: {fileID: 0}
  m_PrefabInternal: {fileID: 100100000}
  serializedVersion: 4
  m_Component:
  - 4: {fileID: 4000010215950218}
  m_Layer: 0
  m_Name: bossjungle_LeftHand
  m_TagString: Untagged
  m_Icon: {fileID: 0}
  m_NavMeshLayer: 0
  m_StaticEditorFlags: 0
  m_IsActive: 1
--- !u!1 &1000013340689012
GameObject:
  m_ObjectHideFlags: 1
  m_PrefabParentObject: {fileID: 0}
  m_PrefabInternal: {fileID: 100100000}
  serializedVersion: 4
  m_Component:
  - 4: {fileID: 4000012321773780}
  m_Layer: 0
  m_Name: bossjungle_RightShoulder
  m_TagString: Untagged
  m_Icon: {fileID: 0}
  m_NavMeshLayer: 0
  m_StaticEditorFlags: 0
  m_IsActive: 1
--- !u!1 &1000013434679292
GameObject:
  m_ObjectHideFlags: 1
  m_PrefabParentObject: {fileID: 0}
  m_PrefabInternal: {fileID: 100100000}
  serializedVersion: 4
  m_Component:
  - 4: {fileID: 4000010950285660}
  m_Layer: 0
  m_Name: bossjungle_tail
  m_TagString: Untagged
  m_Icon: {fileID: 0}
  m_NavMeshLayer: 0
  m_StaticEditorFlags: 0
  m_IsActive: 1
--- !u!1 &1000013525744304
GameObject:
  m_ObjectHideFlags: 1
  m_PrefabParentObject: {fileID: 0}
  m_PrefabInternal: {fileID: 100100000}
  serializedVersion: 4
  m_Component:
  - 4: {fileID: 4000010537306358}
  m_Layer: 0
  m_Name: bossjungle_RightHand
  m_TagString: Untagged
  m_Icon: {fileID: 0}
  m_NavMeshLayer: 0
  m_StaticEditorFlags: 0
  m_IsActive: 1
--- !u!1 &1000013557985472
GameObject:
  m_ObjectHideFlags: 1
  m_PrefabParentObject: {fileID: 0}
  m_PrefabInternal: {fileID: 100100000}
  serializedVersion: 4
  m_Component:
  - 4: {fileID: 4000010445433558}
  m_Layer: 0
  m_Name: bossjungle_RightUpLeg
  m_TagString: Untagged
  m_Icon: {fileID: 0}
  m_NavMeshLayer: 0
  m_StaticEditorFlags: 0
  m_IsActive: 1
--- !u!1 &1000013608592336
GameObject:
  m_ObjectHideFlags: 1
  m_PrefabParentObject: {fileID: 0}
  m_PrefabInternal: {fileID: 100100000}
  serializedVersion: 4
  m_Component:
  - 4: {fileID: 4000012026718686}
  m_Layer: 0
  m_Name: bossjungle_tail1
  m_TagString: Untagged
  m_Icon: {fileID: 0}
  m_NavMeshLayer: 0
  m_StaticEditorFlags: 0
  m_IsActive: 1
--- !u!1 &1000013626168262
GameObject:
  m_ObjectHideFlags: 1
  m_PrefabParentObject: {fileID: 0}
  m_PrefabInternal: {fileID: 100100000}
  serializedVersion: 4
  m_Component:
  - 4: {fileID: 4000011072099204}
  m_Layer: 0
  m_Name: bossjungle_Hips
  m_TagString: Untagged
  m_Icon: {fileID: 0}
  m_NavMeshLayer: 0
  m_StaticEditorFlags: 0
  m_IsActive: 1
--- !u!1 &1000013677352690
GameObject:
  m_ObjectHideFlags: 1
  m_PrefabParentObject: {fileID: 0}
  m_PrefabInternal: {fileID: 100100000}
  serializedVersion: 4
  m_Component:
  - 4: {fileID: 4000012569578578}
  m_Layer: 0
  m_Name: bossjungle_Neck
  m_TagString: Untagged
  m_Icon: {fileID: 0}
  m_NavMeshLayer: 0
  m_StaticEditorFlags: 0
  m_IsActive: 1
--- !u!1 &1000013819236892
GameObject:
  m_ObjectHideFlags: 1
  m_PrefabParentObject: {fileID: 0}
  m_PrefabInternal: {fileID: 100100000}
  serializedVersion: 4
  m_Component:
  - 4: {fileID: 4000011865820614}
  - 198: {fileID: 198000013104705506}
  - 199: {fileID: 199000012494819718}
  m_Layer: 0
  m_Name: SnowExplosion
  m_TagString: Untagged
  m_Icon: {fileID: 0}
  m_NavMeshLayer: 0
  m_StaticEditorFlags: 0
  m_IsActive: 0
--- !u!1 &1000013910705752
GameObject:
  m_ObjectHideFlags: 1
  m_PrefabParentObject: {fileID: 0}
  m_PrefabInternal: {fileID: 100100000}
  serializedVersion: 4
  m_Component:
  - 4: {fileID: 4000012748787512}
  m_Layer: 0
  m_Name: locator_int_dcha
  m_TagString: Untagged
  m_Icon: {fileID: 0}
  m_NavMeshLayer: 0
  m_StaticEditorFlags: 0
  m_IsActive: 1
--- !u!1 &1000014069935710
GameObject:
  m_ObjectHideFlags: 1
  m_PrefabParentObject: {fileID: 0}
  m_PrefabInternal: {fileID: 100100000}
  serializedVersion: 4
  m_Component:
  - 4: {fileID: 4000013562359596}
  m_Layer: 0
  m_Name: bossjungle_RightFoot
  m_TagString: Untagged
  m_Icon: {fileID: 0}
  m_NavMeshLayer: 0
  m_StaticEditorFlags: 0
  m_IsActive: 1
--- !u!1 &1000014151597176
GameObject:
  m_ObjectHideFlags: 1
  m_PrefabParentObject: {fileID: 0}
  m_PrefabInternal: {fileID: 100100000}
  serializedVersion: 4
  m_Component:
  - 4: {fileID: 4000013469113246}
  m_Layer: 0
  m_Name: bossjungle_tail3
  m_TagString: Untagged
  m_Icon: {fileID: 0}
  m_NavMeshLayer: 0
  m_StaticEditorFlags: 0
  m_IsActive: 1
--- !u!4 &4000010135170480
Transform:
  m_ObjectHideFlags: 1
  m_PrefabParentObject: {fileID: 0}
  m_PrefabInternal: {fileID: 100100000}
  m_GameObject: {fileID: 1000010078008054}
  m_LocalRotation: {x: 0.19317529, y: 0.4787053, z: 0.38919157, w: 0.762925}
  m_LocalPosition: {x: -0.5989802, y: -0.03313062, z: 0.000000050104923}
  m_LocalScale: {x: 1, y: 1.0000001, z: 1.0000001}
  m_LocalEulerAnglesHint: {x: 0, y: 0, z: 0}
  m_Children:
  - {fileID: 4000012382815688}
  m_Father: {fileID: 4000013241155894}
  m_RootOrder: 0
--- !u!4 &4000010215950218
Transform:
  m_ObjectHideFlags: 1
  m_PrefabParentObject: {fileID: 0}
  m_PrefabInternal: {fileID: 100100000}
  m_GameObject: {fileID: 1000013104677458}
  m_LocalRotation: {x: -0.00000012422262, y: -0.0035147034, z: 0.24100575, w: 0.97051734}
  m_LocalPosition: {x: -1.1281794, y: -0.0000007003512, z: -0.00000008272155}
  m_LocalScale: {x: 0.99999994, y: 0.99999994, z: 0.99999994}
  m_LocalEulerAnglesHint: {x: 0, y: 0, z: 0}
  m_Children: []
  m_Father: {fileID: 4000012382815688}
  m_RootOrder: 0
--- !u!4 &4000010445433558
Transform:
  m_ObjectHideFlags: 1
  m_PrefabParentObject: {fileID: 0}
  m_PrefabInternal: {fileID: 100100000}
  m_GameObject: {fileID: 1000013557985472}
  m_LocalRotation: {x: -0.6400915, y: 0.044766814, z: 0.028519634, w: 0.766463}
  m_LocalPosition: {x: 0.36103728, y: -0.19452508, z: -0.000000025636313}
  m_LocalScale: {x: 1.0000004, y: 1.0000004, z: 1.0000004}
  m_LocalEulerAnglesHint: {x: 0, y: 0, z: 0}
  m_Children:
  - {fileID: 4000011441570938}
  m_Father: {fileID: 4000011072099204}
  m_RootOrder: 1
--- !u!4 &4000010484216476
Transform:
  m_ObjectHideFlags: 1
  m_PrefabParentObject: {fileID: 0}
  m_PrefabInternal: {fileID: 100100000}
  m_GameObject: {fileID: 1000010868926746}
  m_LocalRotation: {x: -0.00047905347, y: -0.27845302, z: -0.0002067296, w: 0.96044976}
  m_LocalPosition: {x: 1.758569, y: -0.00000012918734, z: -0.0000003164539}
  m_LocalScale: {x: 1, y: 1, z: 0.99999994}
  m_LocalEulerAnglesHint: {x: 0, y: 0, z: 0}
  m_Children:
  - {fileID: 4000010537306358}
  - {fileID: 4000012039339090}
  - {fileID: 4000012748787512}
  m_Father: {fileID: 4000013190016270}
  m_RootOrder: 0
--- !u!4 &4000010537306358
Transform:
  m_ObjectHideFlags: 1
  m_PrefabParentObject: {fileID: 0}
  m_PrefabInternal: {fileID: 100100000}
  m_GameObject: {fileID: 1000013525744304}
  m_LocalRotation: {x: 0.00000012441734, y: 0.0027309153, z: -0.17666295, w: 0.9842676}
  m_LocalPosition: {x: 1.1281791, y: -0.00000022715354, z: -0.00000027805945}
  m_LocalScale: {x: 0.99999994, y: 0.99999994, z: 0.99999994}
  m_LocalEulerAnglesHint: {x: 0, y: 0, z: 0}
  m_Children: []
  m_Father: {fileID: 4000010484216476}
  m_RootOrder: 0
--- !u!4 &4000010607942140
Transform:
  m_ObjectHideFlags: 1
  m_PrefabParentObject: {fileID: 0}
  m_PrefabInternal: {fileID: 100100000}
  m_GameObject: {fileID: 1000011887924052}
  m_LocalRotation: {x: 0, y: -0, z: -0, w: 1}
  m_LocalPosition: {x: 0.0005169737, y: 0.00015313411, z: 0.00004499325}
  m_LocalScale: {x: 1, y: 1, z: 1}
  m_LocalEulerAnglesHint: {x: 0, y: 0, z: 0}
  m_Children: []
  m_Father: {fileID: 4000012601371354}
  m_RootOrder: 0
--- !u!4 &4000010666963058
Transform:
  m_ObjectHideFlags: 1
  m_PrefabParentObject: {fileID: 0}
  m_PrefabInternal: {fileID: 100100000}
  m_GameObject: {fileID: 1000012780224442}
  m_LocalRotation: {x: 0, y: -0, z: -0, w: 1}
  m_LocalPosition: {x: 0.000022560036, y: 0.00015313411, z: -0.000107705695}
  m_LocalScale: {x: 1, y: 1, z: 1}
  m_LocalEulerAnglesHint: {x: 0, y: 0, z: 0}
  m_Children: []
  m_Father: {fileID: 4000012748787512}
  m_RootOrder: 0
--- !u!4 &4000010762515640
Transform:
  m_ObjectHideFlags: 1
  m_PrefabParentObject: {fileID: 0}
  m_PrefabInternal: {fileID: 100100000}
  m_GameObject: {fileID: 1000012373640650}
  m_LocalRotation: {x: -0.7520758, y: 0.018582182, z: 0.025459742, w: 0.6583226}
  m_LocalPosition: {x: 0.0000000063557284, y: -1.0813636, z: 0.006379773}
  m_LocalScale: {x: 1.0000001, y: 1.0000001, z: 1.0000001}
  m_LocalEulerAnglesHint: {x: 0, y: 0, z: 0}
  m_Children: []
  m_Father: {fileID: 4000012932034062}
  m_RootOrder: 0
--- !u!4 &4000010950285660
Transform:
  m_ObjectHideFlags: 1
  m_PrefabParentObject: {fileID: 0}
  m_PrefabInternal: {fileID: 100100000}
  m_GameObject: {fileID: 1000013434679292}
  m_LocalRotation: {x: 0.12570116, y: -0.12570116, z: 0.6958443, w: 0.6958443}
  m_LocalPosition: {x: -0.00000015213143, y: -0.016218346, z: -0.536656}
  m_LocalScale: {x: 1, y: 1, z: 1}
  m_LocalEulerAnglesHint: {x: 0, y: 0, z: 0}
  m_Children:
  - {fileID: 4000012026718686}
  m_Father: {fileID: 4000011072099204}
  m_RootOrder: 3
--- !u!4 &4000011072099204
Transform:
  m_ObjectHideFlags: 1
  m_PrefabParentObject: {fileID: 0}
  m_PrefabInternal: {fileID: 100100000}
  m_GameObject: {fileID: 1000013626168262}
  m_LocalRotation: {x: 0.3451733, y: -0, z: -0, w: 0.93853897}
  m_LocalPosition: {x: 1.0344083e-16, y: 2.148172, z: 0.12603596}
  m_LocalScale: {x: 0.99999994, y: 0.99999994, z: 0.99999994}
  m_LocalEulerAnglesHint: {x: 0, y: 0, z: 0}
  m_Children:
  - {fileID: 4000013526844096}
  - {fileID: 4000010445433558}
  - {fileID: 4000014147197806}
  - {fileID: 4000010950285660}
  m_Father: {fileID: 4000013212251534}
  m_RootOrder: 0
--- !u!4 &4000011132533666
Transform:
  m_ObjectHideFlags: 1
  m_PrefabParentObject: {fileID: 0}
  m_PrefabInternal: {fileID: 100100000}
  m_GameObject: {fileID: 1000013099391954}
  m_LocalRotation: {x: 0, y: -0, z: -0, w: 1}
  m_LocalPosition: {x: -0.000022712624, y: 0.00015313411, z: -0.000107705695}
  m_LocalScale: {x: 1, y: 1, z: 1}
  m_LocalEulerAnglesHint: {x: 0, y: 0, z: 0}
  m_Children: []
  m_Father: {fileID: 4000014164624022}
  m_RootOrder: 0
--- !u!4 &4000011336857618
Transform:
  m_ObjectHideFlags: 1
  m_PrefabParentObject: {fileID: 0}
  m_PrefabInternal: {fileID: 100100000}
  m_GameObject: {fileID: 1000010261317104}
  m_LocalRotation: {x: -9.722492e-10, y: -0.04292369, z: 1.9907224e-10, w: 0.9990784}
  m_LocalPosition: {x: -1.279126, y: 0.000000018698259, z: 1.0764722e-14}
  m_LocalScale: {x: 1, y: 1, z: 1}
  m_LocalEulerAnglesHint: {x: 0, y: 0, z: 0}
  m_Children:
  - {fileID: 4000012117584082}
  m_Father: {fileID: 4000013469113246}
  m_RootOrder: 0
--- !u!4 &4000011396157420
Transform:
  m_ObjectHideFlags: 1
  m_PrefabParentObject: {fileID: 0}
  m_PrefabInternal: {fileID: 100100000}
  m_GameObject: {fileID: 1000012691720628}
  m_LocalRotation: {x: 0, y: -0, z: -0, w: 1}
  m_LocalPosition: {x: -0, y: 0, z: 0}
  m_LocalScale: {x: 1, y: 1, z: 1}
  m_LocalEulerAnglesHint: {x: 0, y: 0, z: 0}
  m_Children: []
  m_Father: {fileID: 4000014073689704}
  m_RootOrder: 0
--- !u!4 &4000011441570938
Transform:
  m_ObjectHideFlags: 1
  m_PrefabParentObject: {fileID: 0}
  m_PrefabInternal: {fileID: 100100000}
  m_GameObject: {fileID: 1000011404648850}
  m_LocalRotation: {x: 0.68756026, y: -0.027819928, z: -0.02606893, w: 0.7251258}
  m_LocalPosition: {x: 0.00000005280015, y: -1.2837993, z: 0.03827615}
  m_LocalScale: {x: 1.0000005, y: 1.0000004, z: 1.0000005}
  m_LocalEulerAnglesHint: {x: 0, y: 0, z: 0}
  m_Children:
  - {fileID: 4000013562359596}
  m_Father: {fileID: 4000010445433558}
  m_RootOrder: 0
--- !u!4 &4000011865820614
Transform:
  m_ObjectHideFlags: 1
  m_PrefabParentObject: {fileID: 0}
  m_PrefabInternal: {fileID: 100100000}
  m_GameObject: {fileID: 1000013819236892}
  m_LocalRotation: {x: -0.3063599, y: -0, z: -0, w: 0.9519158}
  m_LocalPosition: {x: 0, y: -0.10600026, z: 0.52699524}
  m_LocalScale: {x: 1, y: 1, z: 1}
  m_LocalEulerAnglesHint: {x: 0, y: 0, z: 0}
  m_Children: []
  m_Father: {fileID: 4000013089206508}
  m_RootOrder: 1
--- !u!4 &4000012026718686
Transform:
  m_ObjectHideFlags: 1
  m_PrefabParentObject: {fileID: 0}
  m_PrefabInternal: {fileID: 100100000}
  m_GameObject: {fileID: 1000013608592336}
  m_LocalRotation: {x: -1.6936905e-11, y: -0.00031137018, z: 0.000000005532692, w: 0.99999994}
  m_LocalPosition: {x: -0.84605163, y: 1.5079136e-16, z: -1.0658141e-16}
  m_LocalScale: {x: 1, y: 1, z: 1}
  m_LocalEulerAnglesHint: {x: 0, y: 0, z: 0}
  m_Children:
  - {fileID: 4000014213531330}
  m_Father: {fileID: 4000010950285660}
  m_RootOrder: 0
--- !u!4 &4000012039339090
Transform:
  m_ObjectHideFlags: 1
  m_PrefabParentObject: {fileID: 0}
  m_PrefabInternal: {fileID: 100100000}
  m_GameObject: {fileID: 1000011571471844}
  m_LocalRotation: {x: 0, y: -0, z: -0, w: 1}
  m_LocalPosition: {x: 0.531719, y: -0.08676025, z: -0.43900764}
  m_LocalScale: {x: 1, y: 1, z: 1}
  m_LocalEulerAnglesHint: {x: 0, y: 0, z: 0}
  m_Children:
  - {fileID: 4000013699652472}
  m_Father: {fileID: 4000010484216476}
  m_RootOrder: 1
--- !u!4 &4000012117584082
Transform:
  m_ObjectHideFlags: 1
  m_PrefabParentObject: {fileID: 0}
  m_PrefabInternal: {fileID: 100100000}
  m_GameObject: {fileID: 1000012363443062}
  m_LocalRotation: {x: -0.45650226, y: 0.45650226, z: -0.54000527, w: 0.54000527}
  m_LocalPosition: {x: -0.7345179, y: -4.940746e-10, z: 1.7195133e-14}
  m_LocalScale: {x: 1, y: 1, z: 1}
  m_LocalEulerAnglesHint: {x: 0, y: 0, z: 0}
  m_Children: []
  m_Father: {fileID: 4000011336857618}
  m_RootOrder: 0
--- !u!4 &4000012321773780
Transform:
  m_ObjectHideFlags: 1
  m_PrefabParentObject: {fileID: 0}
  m_PrefabInternal: {fileID: 100100000}
  m_GameObject: {fileID: 1000013340689012}
  m_LocalRotation: {x: 0, y: -0, z: -0, w: 1}
  m_LocalPosition: {x: 0.60890126, y: 0.3512415, z: 0.000000050505463}
  m_LocalScale: {x: 1, y: 1, z: 1}
  m_LocalEulerAnglesHint: {x: 0, y: 0, z: 0}
  m_Children:
  - {fileID: 4000013190016270}
  m_Father: {fileID: 4000013662007592}
  m_RootOrder: 2
--- !u!4 &4000012382815688
Transform:
  m_ObjectHideFlags: 1
  m_PrefabParentObject: {fileID: 0}
  m_PrefabInternal: {fileID: 100100000}
  m_GameObject: {fileID: 1000011447406210}
  m_LocalRotation: {x: -0.00080315495, y: 0.25558293, z: 0.00013642333, w: 0.9667868}
  m_LocalPosition: {x: -1.7585689, y: -0.00000035351104, z: -0.0000001970697}
  m_LocalScale: {x: 1, y: 1.0000002, z: 1.0000002}
  m_LocalEulerAnglesHint: {x: 0, y: 0, z: 0}
  m_Children:
  - {fileID: 4000010215950218}
  - {fileID: 4000012601371354}
  - {fileID: 4000014164624022}
  m_Father: {fileID: 4000010135170480}
  m_RootOrder: 0
--- !u!4 &4000012569578578
Transform:
  m_ObjectHideFlags: 1
  m_PrefabParentObject: {fileID: 0}
  m_PrefabInternal: {fileID: 100100000}
  m_GameObject: {fileID: 1000013677352690}
  m_LocalRotation: {x: -0.12187628, y: 0, z: -0, w: 0.9925453}
  m_LocalPosition: {x: 7.337738e-16, y: 0.7728512, z: 0.14672373}
  m_LocalScale: {x: 1.0000001, y: 1.0000001, z: 1.0000001}
  m_LocalEulerAnglesHint: {x: 0, y: 0, z: 0}
  m_Children:
  - {fileID: 4000013089206508}
  m_Father: {fileID: 4000013662007592}
  m_RootOrder: 1
--- !u!4 &4000012601371354
Transform:
  m_ObjectHideFlags: 1
  m_PrefabParentObject: {fileID: 0}
  m_PrefabInternal: {fileID: 100100000}
  m_GameObject: {fileID: 1000012787571446}
  m_LocalRotation: {x: 0, y: -0, z: -0, w: 1}
  m_LocalPosition: {x: -0.531719, y: -0.08676025, z: -0.43900764}
  m_LocalScale: {x: 1, y: 1, z: 1}
  m_LocalEulerAnglesHint: {x: 0, y: 0, z: 0}
  m_Children:
  - {fileID: 4000010607942140}
  m_Father: {fileID: 4000012382815688}
  m_RootOrder: 1
--- !u!4 &4000012748787512
Transform:
  m_ObjectHideFlags: 1
  m_PrefabParentObject: {fileID: 0}
  m_PrefabInternal: {fileID: 100100000}
  m_GameObject: {fileID: 1000013910705752}
  m_LocalRotation: {x: 0, y: -0, z: -0, w: 1}
  m_LocalPosition: {x: 0.14574645, y: -0.08676025, z: -0.26902333}
  m_LocalScale: {x: 1, y: 1, z: 1}
  m_LocalEulerAnglesHint: {x: 0, y: 0, z: 0}
  m_Children:
  - {fileID: 4000010666963058}
  m_Father: {fileID: 4000010484216476}
  m_RootOrder: 2
--- !u!4 &4000012832353880
Transform:
  m_ObjectHideFlags: 1
  m_PrefabParentObject: {fileID: 0}
  m_PrefabInternal: {fileID: 100100000}
  m_GameObject: {fileID: 1000010694267110}
  m_LocalRotation: {x: -0.30635986, y: 0, z: 0, w: 0.95191586}
  m_LocalPosition: {x: 0, y: -0.106, z: 0.527}
  m_LocalScale: {x: 1, y: 1, z: 1}
  m_LocalEulerAnglesHint: {x: -35.68, y: 0, z: 0}
  m_Children: []
  m_Father: {fileID: 4000013089206508}
  m_RootOrder: 0
--- !u!4 &4000012932034062
Transform:
  m_ObjectHideFlags: 1
  m_PrefabParentObject: {fileID: 0}
  m_PrefabInternal: {fileID: 100100000}
  m_GameObject: {fileID: 1000011410779382}
  m_LocalRotation: {x: 0.6840267, y: 0.03843799, z: 0.03571347, w: 0.72756755}
  m_LocalPosition: {x: -0.000000041922608, y: -1.2837999, z: 0.038276028}
  m_LocalScale: {x: 0.99999976, y: 0.9999998, z: 0.9999999}
  m_LocalEulerAnglesHint: {x: 0, y: 0, z: 0}
  m_Children:
  - {fileID: 4000010762515640}
  m_Father: {fileID: 4000013526844096}
  m_RootOrder: 0
--- !u!4 &4000013089206508
Transform:
  m_ObjectHideFlags: 1
  m_PrefabParentObject: {fileID: 0}
  m_PrefabInternal: {fileID: 100100000}
  m_GameObject: {fileID: 1000011540780220}
  m_LocalRotation: {x: -0.12188495, y: 0, z: -0, w: 0.99254423}
  m_LocalPosition: {x: 1.3113805e-15, y: 0.2914331, z: 0.44655287}
  m_LocalScale: {x: 1, y: 1, z: 1}
  m_LocalEulerAnglesHint: {x: 0, y: 0, z: 0}
  m_Children:
  - {fileID: 4000012832353880}
  - {fileID: 4000011865820614}
  m_Father: {fileID: 4000012569578578}
  m_RootOrder: 0
--- !u!4 &4000013190016270
Transform:
  m_ObjectHideFlags: 1
  m_PrefabParentObject: {fileID: 0}
  m_PrefabInternal: {fileID: 100100000}
  m_GameObject: {fileID: 1000012235394204}
  m_LocalRotation: {x: 0.22946341, y: -0.50620294, z: -0.34454158, w: 0.75656873}
  m_LocalPosition: {x: 0.5989802, y: -0.03313062, z: 0.000000050104923}
  m_LocalScale: {x: 0.99999994, y: 0.9999999, z: 1}
  m_LocalEulerAnglesHint: {x: 0, y: 0, z: 0}
  m_Children:
  - {fileID: 4000010484216476}
  m_Father: {fileID: 4000012321773780}
  m_RootOrder: 0
--- !u!4 &4000013212251534
Transform:
  m_ObjectHideFlags: 1
  m_PrefabParentObject: {fileID: 0}
  m_PrefabInternal: {fileID: 100100000}
  m_GameObject: {fileID: 1000010100840688}
  m_LocalRotation: {x: 0, y: -0, z: -0, w: 1}
  m_LocalPosition: {x: -0, y: 0, z: 0}
  m_LocalScale: {x: 1, y: 1, z: 1}
  m_LocalEulerAnglesHint: {x: 0, y: 0, z: 0}
  m_Children:
  - {fileID: 4000011072099204}
  m_Father: {fileID: 4000014073689704}
  m_RootOrder: 1
--- !u!4 &4000013241155894
Transform:
  m_ObjectHideFlags: 1
  m_PrefabParentObject: {fileID: 0}
  m_PrefabInternal: {fileID: 100100000}
  m_GameObject: {fileID: 1000010100241242}
  m_LocalRotation: {x: 0, y: -0, z: -0, w: 1}
  m_LocalPosition: {x: -0.60890126, y: 0.3512415, z: 0.000000050505463}
  m_LocalScale: {x: 1, y: 1, z: 1}
  m_LocalEulerAnglesHint: {x: 0, y: 0, z: 0}
  m_Children:
  - {fileID: 4000010135170480}
  m_Father: {fileID: 4000013662007592}
  m_RootOrder: 0
--- !u!4 &4000013469113246
Transform:
  m_ObjectHideFlags: 1
  m_PrefabParentObject: {fileID: 0}
  m_PrefabInternal: {fileID: 100100000}
  m_GameObject: {fileID: 1000014151597176}
  m_LocalRotation: {x: -0.0000000019609707, y: -0.08681111, z: -8.291953e-12, w: 0.9962248}
  m_LocalPosition: {x: -0.7902848, y: -3.518575e-20, z: 1.3322676e-15}
  m_LocalScale: {x: 1, y: 1, z: 1}
  m_LocalEulerAnglesHint: {x: 0, y: 0, z: 0}
  m_Children:
  - {fileID: 4000011336857618}
  m_Father: {fileID: 4000014213531330}
  m_RootOrder: 0
--- !u!4 &4000013526844096
Transform:
  m_ObjectHideFlags: 1
  m_PrefabParentObject: {fileID: 0}
  m_PrefabInternal: {fileID: 100100000}
  m_GameObject: {fileID: 1000010801058006}
  m_LocalRotation: {x: -0.6388541, y: -0.043139808, z: -0.05245343, w: 0.7663244}
  m_LocalPosition: {x: -0.36103728, y: -0.19452508, z: -0.000000025636313}
  m_LocalScale: {x: 1.0000004, y: 1.0000004, z: 1.0000002}
  m_LocalEulerAnglesHint: {x: 0, y: 0, z: 0}
  m_Children:
  - {fileID: 4000012932034062}
  m_Father: {fileID: 4000011072099204}
  m_RootOrder: 0
--- !u!4 &4000013562359596
Transform:
  m_ObjectHideFlags: 1
  m_PrefabParentObject: {fileID: 0}
  m_PrefabInternal: {fileID: 100100000}
  m_GameObject: {fileID: 1000014069935710}
  m_LocalRotation: {x: -0.74833167, y: -0.018623827, z: -0.001223706, w: 0.6630621}
  m_LocalPosition: {x: -0.00000005539739, y: -1.0813627, z: 0.0063784826}
  m_LocalScale: {x: 1, y: 1, z: 1}
  m_LocalEulerAnglesHint: {x: 0, y: 0, z: 0}
  m_Children: []
  m_Father: {fileID: 4000011441570938}
  m_RootOrder: 0
--- !u!4 &4000013662007592
Transform:
  m_ObjectHideFlags: 1
  m_PrefabParentObject: {fileID: 0}
  m_PrefabInternal: {fileID: 100100000}
  m_GameObject: {fileID: 1000011235818434}
  m_LocalRotation: {x: -0.14332876, y: 0, z: -0, w: 0.9896751}
  m_LocalPosition: {x: 7.1995625e-16, y: 0.7728512, z: -0.08293061}
  m_LocalScale: {x: 1, y: 1, z: 1}
  m_LocalEulerAnglesHint: {x: 0, y: 0, z: 0}
  m_Children:
  - {fileID: 4000013241155894}
  - {fileID: 4000012569578578}
  - {fileID: 4000012321773780}
  m_Father: {fileID: 4000014147197806}
  m_RootOrder: 0
--- !u!4 &4000013699652472
Transform:
  m_ObjectHideFlags: 1
  m_PrefabParentObject: {fileID: 0}
  m_PrefabInternal: {fileID: 100100000}
  m_GameObject: {fileID: 1000010635477496}
  m_LocalRotation: {x: 0, y: -0, z: -0, w: 1}
  m_LocalPosition: {x: -0.0005169737, y: 0.00015313411, z: 0.00004499325}
  m_LocalScale: {x: 1, y: 1, z: 1}
  m_LocalEulerAnglesHint: {x: 0, y: 0, z: 0}
  m_Children: []
  m_Father: {fileID: 4000012039339090}
  m_RootOrder: 0
--- !u!4 &4000014073689704
Transform:
  m_ObjectHideFlags: 1
  m_PrefabParentObject: {fileID: 0}
  m_PrefabInternal: {fileID: 100100000}
  m_GameObject: {fileID: 1000012018012786}
  m_LocalRotation: {x: -0, y: -0, z: -0, w: 1}
  m_LocalPosition: {x: 0, y: -1.5, z: 540}
  m_LocalScale: {x: 1, y: 1, z: 1}
  m_LocalEulerAnglesHint: {x: 0, y: 0, z: 0}
  m_Children:
  - {fileID: 4000011396157420}
  - {fileID: 4000013212251534}
  m_Father: {fileID: 0}
  m_RootOrder: 0
--- !u!4 &4000014147197806
Transform:
  m_ObjectHideFlags: 1
  m_PrefabParentObject: {fileID: 0}
  m_PrefabInternal: {fileID: 100100000}
  m_GameObject: {fileID: 1000012983885596}
  m_LocalRotation: {x: 0.08339384, y: -0, z: -0, w: 0.99651664}
  m_LocalPosition: {x: 3.0048343e-16, y: 0.5746283, z: -0.031896465}
  m_LocalScale: {x: 1.0000001, y: 1.0000001, z: 1.0000001}
  m_LocalEulerAnglesHint: {x: 0, y: 0, z: 0}
  m_Children:
  - {fileID: 4000013662007592}
  m_Father: {fileID: 4000011072099204}
  m_RootOrder: 2
--- !u!4 &4000014164624022
Transform:
  m_ObjectHideFlags: 1
  m_PrefabParentObject: {fileID: 0}
  m_PrefabInternal: {fileID: 100100000}
  m_GameObject: {fileID: 1000010165436264}
  m_LocalRotation: {x: 0, y: -0, z: -0, w: 1}
  m_LocalPosition: {x: -0.14574645, y: -0.08676025, z: -0.26902333}
  m_LocalScale: {x: 1, y: 1, z: 1}
  m_LocalEulerAnglesHint: {x: 0, y: 0, z: 0}
  m_Children:
  - {fileID: 4000011132533666}
  m_Father: {fileID: 4000012382815688}
  m_RootOrder: 2
--- !u!4 &4000014213531330
Transform:
  m_ObjectHideFlags: 1
  m_PrefabParentObject: {fileID: 0}
  m_PrefabInternal: {fileID: 100100000}
  m_GameObject: {fileID: 1000012775428944}
  m_LocalRotation: {x: -1.6553207e-11, y: -0.000034269757, z: 0.000000005229825, w: 1}
  m_LocalPosition: {x: -0.87720305, y: -8.2342614e-19, z: 1.9984014e-14}
  m_LocalScale: {x: 1, y: 1, z: 1}
  m_LocalEulerAnglesHint: {x: 0, y: 0, z: 0}
  m_Children:
  - {fileID: 4000013469113246}
  m_Father: {fileID: 4000012026718686}
  m_RootOrder: 0
--- !u!23 &23000011067405524
MeshRenderer:
  m_ObjectHideFlags: 1
  m_PrefabParentObject: {fileID: 0}
  m_PrefabInternal: {fileID: 100100000}
  m_GameObject: {fileID: 1000010635477496}
  m_Enabled: 1
  m_CastShadows: 1
  m_ReceiveShadows: 1
  m_MotionVectors: 1
  m_LightProbeUsage: 1
  m_ReflectionProbeUsage: 1
  m_Materials:
  - {fileID: 2100000, guid: 53461e7f5b9345840a91818ab6b1bbff, type: 2}
  m_SubsetIndices: 
  m_StaticBatchRoot: {fileID: 0}
  m_ProbeAnchor: {fileID: 0}
  m_LightProbeVolumeOverride: {fileID: 0}
  m_ScaleInLightmap: 1
  m_PreserveUVs: 0
  m_IgnoreNormalsForChartDetection: 0
  m_ImportantGI: 0
  m_SelectedWireframeHidden: 0
  m_MinimumChartSize: 4
  m_AutoUVMaxDistance: 0.5
  m_AutoUVMaxAngle: 89
  m_LightmapParameters: {fileID: 0}
  m_SortingLayerID: 0
  m_SortingOrder: 0
--- !u!23 &23000011908445326
MeshRenderer:
  m_ObjectHideFlags: 1
  m_PrefabParentObject: {fileID: 0}
  m_PrefabInternal: {fileID: 100100000}
  m_GameObject: {fileID: 1000012780224442}
  m_Enabled: 1
  m_CastShadows: 1
  m_ReceiveShadows: 1
  m_MotionVectors: 1
  m_LightProbeUsage: 1
  m_ReflectionProbeUsage: 1
  m_Materials:
  - {fileID: 2100000, guid: 53461e7f5b9345840a91818ab6b1bbff, type: 2}
  m_SubsetIndices: 
  m_StaticBatchRoot: {fileID: 0}
  m_ProbeAnchor: {fileID: 0}
  m_LightProbeVolumeOverride: {fileID: 0}
  m_ScaleInLightmap: 1
  m_PreserveUVs: 0
  m_IgnoreNormalsForChartDetection: 0
  m_ImportantGI: 0
  m_SelectedWireframeHidden: 0
  m_MinimumChartSize: 4
  m_AutoUVMaxDistance: 0.5
  m_AutoUVMaxAngle: 89
  m_LightmapParameters: {fileID: 0}
  m_SortingLayerID: 0
  m_SortingOrder: 0
--- !u!23 &23000013591778084
MeshRenderer:
  m_ObjectHideFlags: 1
  m_PrefabParentObject: {fileID: 0}
  m_PrefabInternal: {fileID: 100100000}
  m_GameObject: {fileID: 1000011887924052}
  m_Enabled: 1
  m_CastShadows: 1
  m_ReceiveShadows: 1
  m_MotionVectors: 1
  m_LightProbeUsage: 1
  m_ReflectionProbeUsage: 1
  m_Materials:
  - {fileID: 2100000, guid: 53461e7f5b9345840a91818ab6b1bbff, type: 2}
  m_SubsetIndices: 
  m_StaticBatchRoot: {fileID: 0}
  m_ProbeAnchor: {fileID: 0}
  m_LightProbeVolumeOverride: {fileID: 0}
  m_ScaleInLightmap: 1
  m_PreserveUVs: 0
  m_IgnoreNormalsForChartDetection: 0
  m_ImportantGI: 0
  m_SelectedWireframeHidden: 0
  m_MinimumChartSize: 4
  m_AutoUVMaxDistance: 0.5
  m_AutoUVMaxAngle: 89
  m_LightmapParameters: {fileID: 0}
  m_SortingLayerID: 0
  m_SortingOrder: 0
--- !u!23 &23000013990746412
MeshRenderer:
  m_ObjectHideFlags: 1
  m_PrefabParentObject: {fileID: 0}
  m_PrefabInternal: {fileID: 100100000}
  m_GameObject: {fileID: 1000013099391954}
  m_Enabled: 1
  m_CastShadows: 1
  m_ReceiveShadows: 1
  m_MotionVectors: 1
  m_LightProbeUsage: 1
  m_ReflectionProbeUsage: 1
  m_Materials:
  - {fileID: 2100000, guid: 53461e7f5b9345840a91818ab6b1bbff, type: 2}
  m_SubsetIndices: 
  m_StaticBatchRoot: {fileID: 0}
  m_ProbeAnchor: {fileID: 0}
  m_LightProbeVolumeOverride: {fileID: 0}
  m_ScaleInLightmap: 1
  m_PreserveUVs: 0
  m_IgnoreNormalsForChartDetection: 0
  m_ImportantGI: 0
  m_SelectedWireframeHidden: 0
  m_MinimumChartSize: 4
  m_AutoUVMaxDistance: 0.5
  m_AutoUVMaxAngle: 89
  m_LightmapParameters: {fileID: 0}
  m_SortingLayerID: 0
  m_SortingOrder: 0
--- !u!33 &33000010227503542
MeshFilter:
  m_ObjectHideFlags: 1
  m_PrefabParentObject: {fileID: 0}
  m_PrefabInternal: {fileID: 100100000}
  m_GameObject: {fileID: 1000011887924052}
  m_Mesh: {fileID: 4300002, guid: 42891b33fc290114ab2bda1d5c5a6e50, type: 3}
--- !u!33 &33000010984870224
MeshFilter:
  m_ObjectHideFlags: 1
  m_PrefabParentObject: {fileID: 0}
  m_PrefabInternal: {fileID: 100100000}
  m_GameObject: {fileID: 1000013099391954}
  m_Mesh: {fileID: 4300004, guid: 42891b33fc290114ab2bda1d5c5a6e50, type: 3}
--- !u!33 &33000012359707482
MeshFilter:
  m_ObjectHideFlags: 1
  m_PrefabParentObject: {fileID: 0}
  m_PrefabInternal: {fileID: 100100000}
  m_GameObject: {fileID: 1000012780224442}
  m_Mesh: {fileID: 4300006, guid: 42891b33fc290114ab2bda1d5c5a6e50, type: 3}
--- !u!33 &33000013101750674
MeshFilter:
  m_ObjectHideFlags: 1
  m_PrefabParentObject: {fileID: 0}
  m_PrefabInternal: {fileID: 100100000}
  m_GameObject: {fileID: 1000010635477496}
  m_Mesh: {fileID: 4300008, guid: 42891b33fc290114ab2bda1d5c5a6e50, type: 3}
--- !u!95 &95000013721090862
Animator:
  serializedVersion: 3
  m_ObjectHideFlags: 1
  m_PrefabParentObject: {fileID: 0}
  m_PrefabInternal: {fileID: 100100000}
  m_GameObject: {fileID: 1000012018012786}
  m_Enabled: 1
  m_Avatar: {fileID: 9000000, guid: 42891b33fc290114ab2bda1d5c5a6e50, type: 3}
  m_Controller: {fileID: 9100000, guid: 2d4127cb42538d848a4e2e585d61ea71, type: 2}
  m_CullingMode: 1
  m_UpdateMode: 0
  m_ApplyRootMotion: 1
  m_LinearVelocityBlending: 0
  m_WarningMessage: 
  m_HasTransformHierarchy: 1
  m_AllowConstantClipSamplingOptimization: 1
--- !u!120 &120000010733004364
LineRenderer:
  m_ObjectHideFlags: 1
  m_PrefabParentObject: {fileID: 0}
  m_PrefabInternal: {fileID: 100100000}
  m_GameObject: {fileID: 1000010694267110}
  m_Enabled: 1
  m_CastShadows: 0
  m_ReceiveShadows: 0
  m_MotionVectors: 0
  m_LightProbeUsage: 0
  m_ReflectionProbeUsage: 0
  m_Materials:
  - {fileID: 2100000, guid: 74a702c266293c84f822f14540df9271, type: 2}
  m_SubsetIndices: 
  m_StaticBatchRoot: {fileID: 0}
  m_ProbeAnchor: {fileID: 0}
  m_LightProbeVolumeOverride: {fileID: 0}
  m_ScaleInLightmap: 1
  m_PreserveUVs: 0
  m_IgnoreNormalsForChartDetection: 0
  m_ImportantGI: 0
  m_SelectedWireframeHidden: 0
  m_MinimumChartSize: 4
  m_AutoUVMaxDistance: 0.5
  m_AutoUVMaxAngle: 89
  m_LightmapParameters: {fileID: 0}
  m_SortingLayerID: 0
  m_SortingOrder: 0
  m_Positions:
  - {x: 0, y: 0, z: 0}
  - {x: 0, y: 0, z: 0}
  m_Parameters:
    startWidth: 1
    endWidth: 1
    m_StartColor:
      serializedVersion: 2
      rgba: 4278255360
    m_EndColor:
      serializedVersion: 2
      rgba: 4278255360
  m_UseWorldSpace: 0
--- !u!137 &137000011554011586
SkinnedMeshRenderer:
  m_ObjectHideFlags: 1
  m_PrefabParentObject: {fileID: 0}
  m_PrefabInternal: {fileID: 100100000}
  m_GameObject: {fileID: 1000012691720628}
  m_Enabled: 1
  m_CastShadows: 0
  m_ReceiveShadows: 0
  m_MotionVectors: 0
  m_LightProbeUsage: 0
  m_ReflectionProbeUsage: 0
  m_Materials:
  - {fileID: 2100000, guid: 53461e7f5b9345840a91818ab6b1bbff, type: 2}
  m_SubsetIndices: 
  m_StaticBatchRoot: {fileID: 0}
  m_ProbeAnchor: {fileID: 0}
  m_LightProbeVolumeOverride: {fileID: 0}
  m_ScaleInLightmap: 1
  m_PreserveUVs: 0
  m_IgnoreNormalsForChartDetection: 0
  m_ImportantGI: 0
  m_SelectedWireframeHidden: 0
  m_MinimumChartSize: 4
  m_AutoUVMaxDistance: 0.5
  m_AutoUVMaxAngle: 89
  m_LightmapParameters: {fileID: 0}
  m_SortingLayerID: 0
  m_SortingOrder: 0
  serializedVersion: 2
  m_Quality: 0
  m_UpdateWhenOffscreen: 0
  m_SkinnedMotionVectors: 0
  m_Mesh: {fileID: 4300000, guid: 42891b33fc290114ab2bda1d5c5a6e50, type: 3}
  m_Bones:
  - {fileID: 4000011072099204}
  - {fileID: 4000013526844096}
  - {fileID: 4000012932034062}
  - {fileID: 4000010762515640}
  - {fileID: 4000010445433558}
  - {fileID: 4000011441570938}
  - {fileID: 4000013562359596}
  - {fileID: 4000014147197806}
  - {fileID: 4000013662007592}
  - {fileID: 4000013241155894}
  - {fileID: 4000010135170480}
  - {fileID: 4000012382815688}
  - {fileID: 4000010215950218}
  - {fileID: 4000012321773780}
  - {fileID: 4000013190016270}
  - {fileID: 4000010484216476}
  - {fileID: 4000010537306358}
  - {fileID: 4000013089206508}
  - {fileID: 4000010950285660}
  - {fileID: 4000012026718686}
  - {fileID: 4000014213531330}
  - {fileID: 4000013469113246}
  - {fileID: 4000011336857618}
  - {fileID: 4000012117584082}
  m_BlendShapeWeights: []
  m_RootBone: {fileID: 4000011072099204}
  m_AABB:
    m_Center: {x: 0.025188684, y: -0.38206553, z: 0.066631675}
    m_Extent: {x: 2.53208, y: 4.124384, z: 2.8714008}
  m_DirtyAABB: 0
--- !u!198 &198000013104705506
ParticleSystem:
  m_ObjectHideFlags: 1
  m_PrefabParentObject: {fileID: 0}
  m_PrefabInternal: {fileID: 100100000}
  m_GameObject: {fileID: 1000013819236892}
  serializedVersion: 4
  lengthInSec: 1
  startDelay:
    scalar: 0
    maxCurve:
      serializedVersion: 2
      m_Curve:
      - time: 0
        value: 1
        inSlope: 0
        outSlope: 0
        tangentMode: 0
      - time: 1
        value: 1
        inSlope: 0
        outSlope: 0
        tangentMode: 0
      m_PreInfinity: 2
      m_PostInfinity: 2
      m_RotationOrder: 4
    minCurve:
      serializedVersion: 2
      m_Curve:
      - time: 0
        value: 0
        inSlope: 0
        outSlope: 0
        tangentMode: 0
      - time: 1
        value: 0
        inSlope: 0
        outSlope: 0
        tangentMode: 0
      m_PreInfinity: 2
      m_PostInfinity: 2
      m_RotationOrder: 4
    minMaxState: 0
  speed: 1
  looping: 0
  prewarm: 0
  playOnAwake: 0
  moveWithTransform: 1
  autoRandomSeed: 1
  scalingMode: 1
  randomSeed: -1541626062
  InitialModule:
    serializedVersion: 2
    enabled: 1
    startLifetime:
      scalar: 1
      maxCurve:
        serializedVersion: 2
        m_Curve:
        - time: 0
          value: 1
          inSlope: 0
          outSlope: 0
          tangentMode: 0
        - time: 1
          value: 1
          inSlope: 0
          outSlope: 0
          tangentMode: 0
        m_PreInfinity: 2
        m_PostInfinity: 2
        m_RotationOrder: 4
      minCurve:
        serializedVersion: 2
        m_Curve:
        - time: 0
          value: 0
          inSlope: 0
          outSlope: 0
          tangentMode: 0
        - time: 1
          value: 0
          inSlope: 0
          outSlope: 0
          tangentMode: 0
        m_PreInfinity: 2
        m_PostInfinity: 2
        m_RotationOrder: 4
      minMaxState: 0
    startSpeed:
      scalar: 5
      maxCurve:
        serializedVersion: 2
        m_Curve:
        - time: 0
          value: 1
          inSlope: 0
          outSlope: 0
          tangentMode: 0
        m_PreInfinity: 2
        m_PostInfinity: 2
        m_RotationOrder: 0
      minCurve:
        serializedVersion: 2
        m_Curve:
        - time: 0
          value: 0.4
          inSlope: 0
          outSlope: 0
          tangentMode: 0
        m_PreInfinity: 2
        m_PostInfinity: 2
        m_RotationOrder: 0
      minMaxState: 3
    startColor:
      serializedVersion: 2
      maxGradient:
        key0:
          serializedVersion: 2
          rgba: 4294967295
        key1:
          serializedVersion: 2
          rgba: 4294967295
        key2:
          serializedVersion: 2
          rgba: 0
        key3:
          serializedVersion: 2
          rgba: 0
        key4:
          serializedVersion: 2
          rgba: 0
        key5:
          serializedVersion: 2
          rgba: 0
        key6:
          serializedVersion: 2
          rgba: 0
        key7:
          serializedVersion: 2
          rgba: 0
        ctime0: 0
        ctime1: 65535
        ctime2: 0
        ctime3: 0
        ctime4: 0
        ctime5: 0
        ctime6: 0
        ctime7: 0
        atime0: 0
        atime1: 65535
        atime2: 0
        atime3: 0
        atime4: 0
        atime5: 0
        atime6: 0
        atime7: 0
        m_NumColorKeys: 2
        m_NumAlphaKeys: 2
      minGradient:
        key0:
          serializedVersion: 2
          rgba: 4294967295
        key1:
          serializedVersion: 2
          rgba: 4294967295
        key2:
          serializedVersion: 2
          rgba: 0
        key3:
          serializedVersion: 2
          rgba: 0
        key4:
          serializedVersion: 2
          rgba: 0
        key5:
          serializedVersion: 2
          rgba: 0
        key6:
          serializedVersion: 2
          rgba: 0
        key7:
          serializedVersion: 2
          rgba: 0
        ctime0: 0
        ctime1: 65535
        ctime2: 0
        ctime3: 0
        ctime4: 0
        ctime5: 0
        ctime6: 0
        ctime7: 0
        atime0: 0
        atime1: 65535
        atime2: 0
        atime3: 0
        atime4: 0
        atime5: 0
        atime6: 0
        atime7: 0
        m_NumColorKeys: 2
        m_NumAlphaKeys: 2
      minColor: {r: 1, g: 1, b: 1, a: 1}
      maxColor: {r: 1, g: 1, b: 1, a: 0.50980395}
      minMaxState: 0
    startSize:
      scalar: 7
      maxCurve:
        serializedVersion: 2
        m_Curve:
        - time: 0
          value: 1
          inSlope: 0
          outSlope: 0
          tangentMode: 0
        m_PreInfinity: 2
        m_PostInfinity: 2
        m_RotationOrder: 0
      minCurve:
        serializedVersion: 2
        m_Curve:
        - time: 0
          value: 0.5714286
          inSlope: 0
          outSlope: 0
          tangentMode: 0
        m_PreInfinity: 2
        m_PostInfinity: 2
        m_RotationOrder: 0
      minMaxState: 3
    startSizeY:
      scalar: 1
      maxCurve:
        serializedVersion: 2
        m_Curve:
        - time: 0
          value: 1
          inSlope: 0
          outSlope: 0
          tangentMode: 0
        - time: 1
          value: 1
          inSlope: 0
          outSlope: 0
          tangentMode: 0
        m_PreInfinity: 2
        m_PostInfinity: 2
        m_RotationOrder: 4
      minCurve:
        serializedVersion: 2
        m_Curve:
        - time: 0
          value: 0
          inSlope: 0
          outSlope: 0
          tangentMode: 0
        - time: 1
          value: 0
          inSlope: 0
          outSlope: 0
          tangentMode: 0
        m_PreInfinity: 2
        m_PostInfinity: 2
        m_RotationOrder: 4
      minMaxState: 0
    startSizeZ:
      scalar: 1
      maxCurve:
        serializedVersion: 2
        m_Curve:
        - time: 0
          value: 1
          inSlope: 0
          outSlope: 0
          tangentMode: 0
        - time: 1
          value: 1
          inSlope: 0
          outSlope: 0
          tangentMode: 0
        m_PreInfinity: 2
        m_PostInfinity: 2
        m_RotationOrder: 4
      minCurve:
        serializedVersion: 2
        m_Curve:
        - time: 0
          value: 0
          inSlope: 0
          outSlope: 0
          tangentMode: 0
        - time: 1
          value: 0
          inSlope: 0
          outSlope: 0
          tangentMode: 0
        m_PreInfinity: 2
        m_PostInfinity: 2
        m_RotationOrder: 4
      minMaxState: 0
    startRotationX:
      scalar: 0
      maxCurve:
        serializedVersion: 2
        m_Curve:
        - time: 0
          value: 1
          inSlope: 0
          outSlope: 0
          tangentMode: 0
        - time: 1
          value: 1
          inSlope: 0
          outSlope: 0
          tangentMode: 0
        m_PreInfinity: 2
        m_PostInfinity: 2
        m_RotationOrder: 4
      minCurve:
        serializedVersion: 2
        m_Curve:
        - time: 0
          value: 0
          inSlope: 0
          outSlope: 0
          tangentMode: 0
        - time: 1
          value: 0
          inSlope: 0
          outSlope: 0
          tangentMode: 0
        m_PreInfinity: 2
        m_PostInfinity: 2
        m_RotationOrder: 4
      minMaxState: 0
    startRotationY:
      scalar: 0
      maxCurve:
        serializedVersion: 2
        m_Curve:
        - time: 0
          value: 1
          inSlope: 0
          outSlope: 0
          tangentMode: 0
        - time: 1
          value: 1
          inSlope: 0
          outSlope: 0
          tangentMode: 0
        m_PreInfinity: 2
        m_PostInfinity: 2
        m_RotationOrder: 4
      minCurve:
        serializedVersion: 2
        m_Curve:
        - time: 0
          value: 0
          inSlope: 0
          outSlope: 0
          tangentMode: 0
        - time: 1
          value: 0
          inSlope: 0
          outSlope: 0
          tangentMode: 0
        m_PreInfinity: 2
        m_PostInfinity: 2
        m_RotationOrder: 4
      minMaxState: 0
    startRotation:
      scalar: 0
      maxCurve:
        serializedVersion: 2
        m_Curve:
        - time: 0
          value: 1
          inSlope: 0
          outSlope: 0
          tangentMode: 0
        - time: 1
          value: 1
          inSlope: 0
          outSlope: 0
          tangentMode: 0
        m_PreInfinity: 2
        m_PostInfinity: 2
        m_RotationOrder: 4
      minCurve:
        serializedVersion: 2
        m_Curve:
        - time: 0
          value: 0
          inSlope: 0
          outSlope: 0
          tangentMode: 0
        - time: 1
          value: 0
          inSlope: 0
          outSlope: 0
          tangentMode: 0
        m_PreInfinity: 2
        m_PostInfinity: 2
        m_RotationOrder: 4
      minMaxState: 0
    randomizeRotationDirection: 0
    gravityModifier: 1
    maxNumParticles: 1000
    size3D: 0
    rotation3D: 0
  ShapeModule:
    serializedVersion: 2
    enabled: 1
    type: 0
    radius: 1
    angle: 25
    length: 5
    boxX: 1
    boxY: 1
    boxZ: 1
    arc: 360
    placementMode: 0
    m_Mesh: {fileID: 0}
    m_MeshRenderer: {fileID: 0}
    m_SkinnedMeshRenderer: {fileID: 0}
    m_MeshMaterialIndex: 0
    m_MeshNormalOffset: 0
    m_UseMeshMaterialIndex: 0
    m_UseMeshColors: 1
    randomDirection: 0
  EmissionModule:
    enabled: 1
    serializedVersion: 2
    m_Type: 0
    rate:
      scalar: 0
      maxCurve:
        serializedVersion: 2
        m_Curve:
        - time: 0
          value: 1
          inSlope: 0
          outSlope: 0
          tangentMode: 0
        - time: 1
          value: 1
          inSlope: 0
          outSlope: 0
          tangentMode: 0
        m_PreInfinity: 2
        m_PostInfinity: 2
        m_RotationOrder: 4
      minCurve:
        serializedVersion: 2
        m_Curve:
        - time: 0
          value: 0
          inSlope: 0
          outSlope: 0
          tangentMode: 0
        - time: 1
          value: 0
          inSlope: 0
          outSlope: 0
          tangentMode: 0
        m_PreInfinity: 2
        m_PostInfinity: 2
        m_RotationOrder: 4
      minMaxState: 0
    cnt0: 20
    cnt1: 30
    cnt2: 30
    cnt3: 30
    cntmax0: 30
    cntmax1: 30
    cntmax2: 30
    cntmax3: 30
    time0: 0
    time1: 0
    time2: 0
    time3: 0
    m_BurstCount: 1
  SizeModule:
    enabled: 0
    curve:
      scalar: 1
      maxCurve:
        serializedVersion: 2
        m_Curve:
        - time: 0
          value: 1
          inSlope: 0
          outSlope: 0
          tangentMode: 0
        - time: 1
          value: 1
          inSlope: 0
          outSlope: 0
          tangentMode: 0
        m_PreInfinity: 2
        m_PostInfinity: 2
        m_RotationOrder: 0
      minCurve:
        serializedVersion: 2
        m_Curve:
        - time: 0
          value: 0
          inSlope: 0
          outSlope: 0
          tangentMode: 0
        - time: 1
          value: 0
          inSlope: 0
          outSlope: 0
          tangentMode: 0
        m_PreInfinity: 2
        m_PostInfinity: 2
        m_RotationOrder: 4
      minMaxState: 1
    y:
      scalar: 1
      maxCurve:
        serializedVersion: 2
        m_Curve:
        - time: 0
          value: 1
          inSlope: 0
          outSlope: 0
          tangentMode: 0
        m_PreInfinity: 2
        m_PostInfinity: 2
        m_RotationOrder: 0
      minCurve:
        serializedVersion: 2
        m_Curve:
        - time: 0
          value: 0
          inSlope: 0
          outSlope: 0
          tangentMode: 0
        - time: 1
          value: 0
          inSlope: 0
          outSlope: 0
          tangentMode: 0
        m_PreInfinity: 2
        m_PostInfinity: 2
        m_RotationOrder: 4
      minMaxState: 1
    z:
      scalar: 1
      maxCurve:
        serializedVersion: 2
        m_Curve:
        - time: 0
          value: 1
          inSlope: 0
          outSlope: 0
          tangentMode: 0
        m_PreInfinity: 2
        m_PostInfinity: 2
        m_RotationOrder: 0
      minCurve:
        serializedVersion: 2
        m_Curve:
        - time: 0
          value: 0
          inSlope: 0
          outSlope: 0
          tangentMode: 0
        - time: 1
          value: 0
          inSlope: 0
          outSlope: 0
          tangentMode: 0
        m_PreInfinity: 2
        m_PostInfinity: 2
        m_RotationOrder: 4
      minMaxState: 1
    separateAxes: 0
  RotationModule:
    enabled: 1
    x:
      scalar: 1
      maxCurve:
        serializedVersion: 2
        m_Curve:
        - time: 0
          value: 0
          inSlope: 0
          outSlope: 0
          tangentMode: 0
        m_PreInfinity: 2
        m_PostInfinity: 2
        m_RotationOrder: 0
      minCurve:
        serializedVersion: 2
        m_Curve:
        - time: 0
          value: 0
          inSlope: 0
          outSlope: 0
          tangentMode: 0
        m_PreInfinity: 2
        m_PostInfinity: 2
        m_RotationOrder: 0
      minMaxState: 3
    y:
      scalar: 1
      maxCurve:
        serializedVersion: 2
        m_Curve:
        - time: 0
          value: 0
          inSlope: 0
          outSlope: 0
          tangentMode: 0
        m_PreInfinity: 2
        m_PostInfinity: 2
        m_RotationOrder: 0
      minCurve:
        serializedVersion: 2
        m_Curve:
        - time: 0
          value: 0
          inSlope: 0
          outSlope: 0
          tangentMode: 0
        m_PreInfinity: 2
        m_PostInfinity: 2
        m_RotationOrder: 0
      minMaxState: 3
    curve:
      scalar: 1.5707963
      maxCurve:
        serializedVersion: 2
        m_Curve:
        - time: 0
          value: 1
          inSlope: 0
          outSlope: 0
          tangentMode: 0
        m_PreInfinity: 2
        m_PostInfinity: 2
        m_RotationOrder: 0
      minCurve:
        serializedVersion: 2
        m_Curve:
        - time: 0
          value: -1
          inSlope: 0
          outSlope: 0
          tangentMode: 0
        m_PreInfinity: 2
        m_PostInfinity: 2
        m_RotationOrder: 0
      minMaxState: 3
    separateAxes: 0
  ColorModule:
    enabled: 0
    gradient:
      serializedVersion: 2
      maxGradient:
        key0:
          serializedVersion: 2
          rgba: 4294967295
        key1:
          serializedVersion: 2
          rgba: 4294967295
        key2:
          serializedVersion: 2
          rgba: 0
        key3:
          serializedVersion: 2
          rgba: 0
        key4:
          serializedVersion: 2
          rgba: 0
        key5:
          serializedVersion: 2
          rgba: 0
        key6:
          serializedVersion: 2
          rgba: 0
        key7:
          serializedVersion: 2
          rgba: 0
        ctime0: 0
        ctime1: 65535
        ctime2: 0
        ctime3: 0
        ctime4: 0
        ctime5: 0
        ctime6: 0
        ctime7: 0
        atime0: 0
        atime1: 65535
        atime2: 0
        atime3: 0
        atime4: 0
        atime5: 0
        atime6: 0
        atime7: 0
        m_NumColorKeys: 2
        m_NumAlphaKeys: 2
      minGradient:
        key0:
          serializedVersion: 2
          rgba: 4294967295
        key1:
          serializedVersion: 2
          rgba: 4294967295
        key2:
          serializedVersion: 2
          rgba: 0
        key3:
          serializedVersion: 2
          rgba: 0
        key4:
          serializedVersion: 2
          rgba: 0
        key5:
          serializedVersion: 2
          rgba: 0
        key6:
          serializedVersion: 2
          rgba: 0
        key7:
          serializedVersion: 2
          rgba: 0
        ctime0: 0
        ctime1: 65535
        ctime2: 0
        ctime3: 0
        ctime4: 0
        ctime5: 0
        ctime6: 0
        ctime7: 0
        atime0: 0
        atime1: 65535
        atime2: 0
        atime3: 0
        atime4: 0
        atime5: 0
        atime6: 0
        atime7: 0
        m_NumColorKeys: 2
        m_NumAlphaKeys: 2
      minColor: {r: 1, g: 1, b: 1, a: 1}
      maxColor: {r: 1, g: 1, b: 1, a: 1}
      minMaxState: 1
  UVModule:
    enabled: 1
    frameOverTime:
      scalar: 0.9999
      maxCurve:
        serializedVersion: 2
        m_Curve:
        - time: 0
          value: 0
          inSlope: 0
          outSlope: 1
          tangentMode: 0
        - time: 1
          value: 1
          inSlope: 1
          outSlope: 0
          tangentMode: 0
        m_PreInfinity: 2
        m_PostInfinity: 2
        m_RotationOrder: 4
      minCurve:
        serializedVersion: 2
        m_Curve:
        - time: 0
          value: 0
          inSlope: 0
          outSlope: 1
          tangentMode: 0
        - time: 1
          value: 1
          inSlope: 1
          outSlope: 0
          tangentMode: 0
        m_PreInfinity: 2
        m_PostInfinity: 2
        m_RotationOrder: 4
      minMaxState: 1
    startFrame:
      scalar: 0
      maxCurve:
        serializedVersion: 2
        m_Curve:
        - time: 0
          value: 1
          inSlope: 0
          outSlope: 0
          tangentMode: 0
        - time: 1
          value: 1
          inSlope: 0
          outSlope: 0
          tangentMode: 0
        m_PreInfinity: 2
        m_PostInfinity: 2
        m_RotationOrder: 4
      minCurve:
        serializedVersion: 2
        m_Curve:
        - time: 0
          value: 0
          inSlope: 0
          outSlope: 0
          tangentMode: 0
        - time: 1
          value: 0
          inSlope: 0
          outSlope: 0
          tangentMode: 0
        m_PreInfinity: 2
        m_PostInfinity: 2
        m_RotationOrder: 4
      minMaxState: 0
    tilesX: 6
    tilesY: 6
    animationType: 0
    rowIndex: 0
    cycles: 1
    uvChannelMask: -1
    randomRow: 1
  VelocityModule:
    enabled: 0
    x:
      scalar: 0
      maxCurve:
        serializedVersion: 2
        m_Curve:
        - time: 0
          value: 1
          inSlope: 0
          outSlope: 0
          tangentMode: 0
        - time: 1
          value: 1
          inSlope: 0
          outSlope: 0
          tangentMode: 0
        m_PreInfinity: 2
        m_PostInfinity: 2
        m_RotationOrder: 4
      minCurve:
        serializedVersion: 2
        m_Curve:
        - time: 0
          value: 0
          inSlope: 0
          outSlope: 0
          tangentMode: 0
        - time: 1
          value: 0
          inSlope: 0
          outSlope: 0
          tangentMode: 0
        m_PreInfinity: 2
        m_PostInfinity: 2
        m_RotationOrder: 4
      minMaxState: 0
    y:
      scalar: 0
      maxCurve:
        serializedVersion: 2
        m_Curve:
        - time: 0
          value: 1
          inSlope: 0
          outSlope: 0
          tangentMode: 0
        - time: 1
          value: 1
          inSlope: 0
          outSlope: 0
          tangentMode: 0
        m_PreInfinity: 2
        m_PostInfinity: 2
        m_RotationOrder: 4
      minCurve:
        serializedVersion: 2
        m_Curve:
        - time: 0
          value: 0
          inSlope: 0
          outSlope: 0
          tangentMode: 0
        - time: 1
          value: 0
          inSlope: 0
          outSlope: 0
          tangentMode: 0
        m_PreInfinity: 2
        m_PostInfinity: 2
        m_RotationOrder: 4
      minMaxState: 0
    z:
      scalar: 0
      maxCurve:
        serializedVersion: 2
        m_Curve:
        - time: 0
          value: 1
          inSlope: 0
          outSlope: 0
          tangentMode: 0
        - time: 1
          value: 1
          inSlope: 0
          outSlope: 0
          tangentMode: 0
        m_PreInfinity: 2
        m_PostInfinity: 2
        m_RotationOrder: 4
      minCurve:
        serializedVersion: 2
        m_Curve:
        - time: 0
          value: 0
          inSlope: 0
          outSlope: 0
          tangentMode: 0
        - time: 1
          value: 0
          inSlope: 0
          outSlope: 0
          tangentMode: 0
        m_PreInfinity: 2
        m_PostInfinity: 2
        m_RotationOrder: 4
      minMaxState: 0
    inWorldSpace: 0
  InheritVelocityModule:
    enabled: 0
    m_Mode: 0
    m_Curve:
      scalar: 0
      maxCurve:
        serializedVersion: 2
        m_Curve:
        - time: 0
          value: 1
          inSlope: 0
          outSlope: 0
          tangentMode: 0
        - time: 1
          value: 1
          inSlope: 0
          outSlope: 0
          tangentMode: 0
        m_PreInfinity: 2
        m_PostInfinity: 2
        m_RotationOrder: 4
      minCurve:
        serializedVersion: 2
        m_Curve:
        - time: 0
          value: 0
          inSlope: 0
          outSlope: 0
          tangentMode: 0
        - time: 1
          value: 0
          inSlope: 0
          outSlope: 0
          tangentMode: 0
        m_PreInfinity: 2
        m_PostInfinity: 2
        m_RotationOrder: 4
      minMaxState: 0
  ForceModule:
    enabled: 0
    x:
      scalar: 0
      maxCurve:
        serializedVersion: 2
        m_Curve:
        - time: 0
          value: 1
          inSlope: 0
          outSlope: 0
          tangentMode: 0
        - time: 1
          value: 1
          inSlope: 0
          outSlope: 0
          tangentMode: 0
        m_PreInfinity: 2
        m_PostInfinity: 2
        m_RotationOrder: 4
      minCurve:
        serializedVersion: 2
        m_Curve:
        - time: 0
          value: 0
          inSlope: 0
          outSlope: 0
          tangentMode: 0
        - time: 1
          value: 0
          inSlope: 0
          outSlope: 0
          tangentMode: 0
        m_PreInfinity: 2
        m_PostInfinity: 2
        m_RotationOrder: 4
      minMaxState: 0
    y:
      scalar: 0
      maxCurve:
        serializedVersion: 2
        m_Curve:
        - time: 0
          value: 1
          inSlope: 0
          outSlope: 0
          tangentMode: 0
        - time: 1
          value: 1
          inSlope: 0
          outSlope: 0
          tangentMode: 0
        m_PreInfinity: 2
        m_PostInfinity: 2
        m_RotationOrder: 4
      minCurve:
        serializedVersion: 2
        m_Curve:
        - time: 0
          value: 0
          inSlope: 0
          outSlope: 0
          tangentMode: 0
        - time: 1
          value: 0
          inSlope: 0
          outSlope: 0
          tangentMode: 0
        m_PreInfinity: 2
        m_PostInfinity: 2
        m_RotationOrder: 4
      minMaxState: 0
    z:
      scalar: 0
      maxCurve:
        serializedVersion: 2
        m_Curve:
        - time: 0
          value: 1
          inSlope: 0
          outSlope: 0
          tangentMode: 0
        - time: 1
          value: 1
          inSlope: 0
          outSlope: 0
          tangentMode: 0
        m_PreInfinity: 2
        m_PostInfinity: 2
        m_RotationOrder: 4
      minCurve:
        serializedVersion: 2
        m_Curve:
        - time: 0
          value: 0
          inSlope: 0
          outSlope: 0
          tangentMode: 0
        - time: 1
          value: 0
          inSlope: 0
          outSlope: 0
          tangentMode: 0
        m_PreInfinity: 2
        m_PostInfinity: 2
        m_RotationOrder: 4
      minMaxState: 0
    inWorldSpace: 0
    randomizePerFrame: 0
  ExternalForcesModule:
    enabled: 0
    multiplier: 1
  ClampVelocityModule:
    enabled: 0
    x:
      scalar: 1
      maxCurve:
        serializedVersion: 2
        m_Curve:
        - time: 0
          value: 1
          inSlope: 0
          outSlope: 0
          tangentMode: 0
        - time: 1
          value: 1
          inSlope: 0
          outSlope: 0
          tangentMode: 0
        m_PreInfinity: 2
        m_PostInfinity: 2
        m_RotationOrder: 4
      minCurve:
        serializedVersion: 2
        m_Curve:
        - time: 0
          value: 0
          inSlope: 0
          outSlope: 0
          tangentMode: 0
        - time: 1
          value: 0
          inSlope: 0
          outSlope: 0
          tangentMode: 0
        m_PreInfinity: 2
        m_PostInfinity: 2
        m_RotationOrder: 4
      minMaxState: 0
    y:
      scalar: 1
      maxCurve:
        serializedVersion: 2
        m_Curve:
        - time: 0
          value: 1
          inSlope: 0
          outSlope: 0
          tangentMode: 0
        - time: 1
          value: 1
          inSlope: 0
          outSlope: 0
          tangentMode: 0
        m_PreInfinity: 2
        m_PostInfinity: 2
        m_RotationOrder: 4
      minCurve:
        serializedVersion: 2
        m_Curve:
        - time: 0
          value: 0
          inSlope: 0
          outSlope: 0
          tangentMode: 0
        - time: 1
          value: 0
          inSlope: 0
          outSlope: 0
          tangentMode: 0
        m_PreInfinity: 2
        m_PostInfinity: 2
        m_RotationOrder: 4
      minMaxState: 0
    z:
      scalar: 1
      maxCurve:
        serializedVersion: 2
        m_Curve:
        - time: 0
          value: 1
          inSlope: 0
          outSlope: 0
          tangentMode: 0
        - time: 1
          value: 1
          inSlope: 0
          outSlope: 0
          tangentMode: 0
        m_PreInfinity: 2
        m_PostInfinity: 2
        m_RotationOrder: 4
      minCurve:
        serializedVersion: 2
        m_Curve:
        - time: 0
          value: 0
          inSlope: 0
          outSlope: 0
          tangentMode: 0
        - time: 1
          value: 0
          inSlope: 0
          outSlope: 0
          tangentMode: 0
        m_PreInfinity: 2
        m_PostInfinity: 2
        m_RotationOrder: 4
      minMaxState: 0
    magnitude:
      scalar: 10
      maxCurve:
        serializedVersion: 2
        m_Curve:
        - time: 0
          value: 1
          inSlope: -2
          outSlope: -2
          tangentMode: 0
        - time: 1
          value: 0
          inSlope: 0
          outSlope: 0
          tangentMode: 0
        m_PreInfinity: 2
        m_PostInfinity: 2
        m_RotationOrder: 0
      minCurve:
        serializedVersion: 2
        m_Curve:
        - time: 0
          value: 0
          inSlope: 0
          outSlope: 0
          tangentMode: 0
        - time: 1
          value: 0
          inSlope: 0
          outSlope: 0
          tangentMode: 0
        m_PreInfinity: 2
        m_PostInfinity: 2
        m_RotationOrder: 4
      minMaxState: 1
    separateAxis: 0
    inWorldSpace: 0
    dampen: 1
  SizeBySpeedModule:
    enabled: 0
    curve:
      scalar: 1
      maxCurve:
        serializedVersion: 2
        m_Curve:
        - time: 0
          value: 1
          inSlope: 0
          outSlope: 0
          tangentMode: 0
        - time: 1
          value: 1
          inSlope: 0
          outSlope: 0
          tangentMode: 0
        m_PreInfinity: 2
        m_PostInfinity: 2
        m_RotationOrder: 4
      minCurve:
        serializedVersion: 2
        m_Curve:
        - time: 0
          value: 0
          inSlope: 0
          outSlope: 0
          tangentMode: 0
        - time: 1
          value: 0
          inSlope: 0
          outSlope: 0
          tangentMode: 0
        m_PreInfinity: 2
        m_PostInfinity: 2
        m_RotationOrder: 4
      minMaxState: 1
    y:
      scalar: 1
      maxCurve:
        serializedVersion: 2
        m_Curve:
        - time: 0
          value: 1
          inSlope: 0
          outSlope: 0
          tangentMode: 0
        - time: 1
          value: 1
          inSlope: 0
          outSlope: 0
          tangentMode: 0
        m_PreInfinity: 2
        m_PostInfinity: 2
        m_RotationOrder: 4
      minCurve:
        serializedVersion: 2
        m_Curve:
        - time: 0
          value: 0
          inSlope: 0
          outSlope: 0
          tangentMode: 0
        - time: 1
          value: 0
          inSlope: 0
          outSlope: 0
          tangentMode: 0
        m_PreInfinity: 2
        m_PostInfinity: 2
        m_RotationOrder: 4
      minMaxState: 0
    z:
      scalar: 1
      maxCurve:
        serializedVersion: 2
        m_Curve:
        - time: 0
          value: 1
          inSlope: 0
          outSlope: 0
          tangentMode: 0
        - time: 1
          value: 1
          inSlope: 0
          outSlope: 0
          tangentMode: 0
        m_PreInfinity: 2
        m_PostInfinity: 2
        m_RotationOrder: 4
      minCurve:
        serializedVersion: 2
        m_Curve:
        - time: 0
          value: 0
          inSlope: 0
          outSlope: 0
          tangentMode: 0
        - time: 1
          value: 0
          inSlope: 0
          outSlope: 0
          tangentMode: 0
        m_PreInfinity: 2
        m_PostInfinity: 2
        m_RotationOrder: 4
      minMaxState: 0
    range: {x: 0, y: 1}
    separateAxes: 0
  RotationBySpeedModule:
    enabled: 0
    x:
      scalar: 0
      maxCurve:
        serializedVersion: 2
        m_Curve:
        - time: 0
          value: 1
          inSlope: 0
          outSlope: 0
          tangentMode: 0
        - time: 1
          value: 1
          inSlope: 0
          outSlope: 0
          tangentMode: 0
        m_PreInfinity: 2
        m_PostInfinity: 2
        m_RotationOrder: 4
      minCurve:
        serializedVersion: 2
        m_Curve:
        - time: 0
          value: 0
          inSlope: 0
          outSlope: 0
          tangentMode: 0
        - time: 1
          value: 0
          inSlope: 0
          outSlope: 0
          tangentMode: 0
        m_PreInfinity: 2
        m_PostInfinity: 2
        m_RotationOrder: 4
      minMaxState: 0
    y:
      scalar: 0
      maxCurve:
        serializedVersion: 2
        m_Curve:
        - time: 0
          value: 1
          inSlope: 0
          outSlope: 0
          tangentMode: 0
        - time: 1
          value: 1
          inSlope: 0
          outSlope: 0
          tangentMode: 0
        m_PreInfinity: 2
        m_PostInfinity: 2
        m_RotationOrder: 4
      minCurve:
        serializedVersion: 2
        m_Curve:
        - time: 0
          value: 0
          inSlope: 0
          outSlope: 0
          tangentMode: 0
        - time: 1
          value: 0
          inSlope: 0
          outSlope: 0
          tangentMode: 0
        m_PreInfinity: 2
        m_PostInfinity: 2
        m_RotationOrder: 4
      minMaxState: 0
    curve:
      scalar: 0.7853982
      maxCurve:
        serializedVersion: 2
        m_Curve:
        - time: 0
          value: 1
          inSlope: 0
          outSlope: 0
          tangentMode: 0
        - time: 1
          value: 1
          inSlope: 0
          outSlope: 0
          tangentMode: 0
        m_PreInfinity: 2
        m_PostInfinity: 2
        m_RotationOrder: 4
      minCurve:
        serializedVersion: 2
        m_Curve:
        - time: 0
          value: 0
          inSlope: 0
          outSlope: 0
          tangentMode: 0
        - time: 1
          value: 0
          inSlope: 0
          outSlope: 0
          tangentMode: 0
        m_PreInfinity: 2
        m_PostInfinity: 2
        m_RotationOrder: 4
      minMaxState: 0
    separateAxes: 0
    range: {x: 0, y: 1}
  ColorBySpeedModule:
    enabled: 0
    gradient:
      serializedVersion: 2
      maxGradient:
        key0:
          serializedVersion: 2
          rgba: 4294967295
        key1:
          serializedVersion: 2
          rgba: 4294967295
        key2:
          serializedVersion: 2
          rgba: 0
        key3:
          serializedVersion: 2
          rgba: 0
        key4:
          serializedVersion: 2
          rgba: 0
        key5:
          serializedVersion: 2
          rgba: 0
        key6:
          serializedVersion: 2
          rgba: 0
        key7:
          serializedVersion: 2
          rgba: 0
        ctime0: 0
        ctime1: 65535
        ctime2: 0
        ctime3: 0
        ctime4: 0
        ctime5: 0
        ctime6: 0
        ctime7: 0
        atime0: 0
        atime1: 65535
        atime2: 0
        atime3: 0
        atime4: 0
        atime5: 0
        atime6: 0
        atime7: 0
        m_NumColorKeys: 2
        m_NumAlphaKeys: 2
      minGradient:
        key0:
          serializedVersion: 2
          rgba: 4294967295
        key1:
          serializedVersion: 2
          rgba: 4294967295
        key2:
          serializedVersion: 2
          rgba: 0
        key3:
          serializedVersion: 2
          rgba: 0
        key4:
          serializedVersion: 2
          rgba: 0
        key5:
          serializedVersion: 2
          rgba: 0
        key6:
          serializedVersion: 2
          rgba: 0
        key7:
          serializedVersion: 2
          rgba: 0
        ctime0: 0
        ctime1: 65535
        ctime2: 0
        ctime3: 0
        ctime4: 0
        ctime5: 0
        ctime6: 0
        ctime7: 0
        atime0: 0
        atime1: 65535
        atime2: 0
        atime3: 0
        atime4: 0
        atime5: 0
        atime6: 0
        atime7: 0
        m_NumColorKeys: 2
        m_NumAlphaKeys: 2
      minColor: {r: 1, g: 1, b: 1, a: 1}
      maxColor: {r: 1, g: 1, b: 1, a: 1}
      minMaxState: 1
    range: {x: 0, y: 1}
  CollisionModule:
    enabled: 0
    serializedVersion: 3
    type: 0
    collisionMode: 0
    plane0: {fileID: 0}
    plane1: {fileID: 0}
    plane2: {fileID: 0}
    plane3: {fileID: 0}
    plane4: {fileID: 0}
    plane5: {fileID: 0}
    m_Dampen:
      scalar: 0
      maxCurve:
        serializedVersion: 2
        m_Curve:
        - time: 0
          value: 1
          inSlope: 0
          outSlope: 0
          tangentMode: 0
        - time: 1
          value: 1
          inSlope: 0
          outSlope: 0
          tangentMode: 0
        m_PreInfinity: 2
        m_PostInfinity: 2
        m_RotationOrder: 4
      minCurve:
        serializedVersion: 2
        m_Curve:
        - time: 0
          value: 0
          inSlope: 0
          outSlope: 0
          tangentMode: 0
        - time: 1
          value: 0
          inSlope: 0
          outSlope: 0
          tangentMode: 0
        m_PreInfinity: 2
        m_PostInfinity: 2
        m_RotationOrder: 4
      minMaxState: 0
    m_Bounce:
      scalar: 1
      maxCurve:
        serializedVersion: 2
        m_Curve:
        - time: 0
          value: 1
          inSlope: 0
          outSlope: 0
          tangentMode: 0
        - time: 1
          value: 1
          inSlope: 0
          outSlope: 0
          tangentMode: 0
        m_PreInfinity: 2
        m_PostInfinity: 2
        m_RotationOrder: 4
      minCurve:
        serializedVersion: 2
        m_Curve:
        - time: 0
          value: 0
          inSlope: 0
          outSlope: 0
          tangentMode: 0
        - time: 1
          value: 0
          inSlope: 0
          outSlope: 0
          tangentMode: 0
        m_PreInfinity: 2
        m_PostInfinity: 2
        m_RotationOrder: 4
      minMaxState: 0
    m_EnergyLossOnCollision:
      scalar: 0
      maxCurve:
        serializedVersion: 2
        m_Curve:
        - time: 0
          value: 1
          inSlope: 0
          outSlope: 0
          tangentMode: 0
        - time: 1
          value: 1
          inSlope: 0
          outSlope: 0
          tangentMode: 0
        m_PreInfinity: 2
        m_PostInfinity: 2
        m_RotationOrder: 4
      minCurve:
        serializedVersion: 2
        m_Curve:
        - time: 0
          value: 0
          inSlope: 0
          outSlope: 0
          tangentMode: 0
        - time: 1
          value: 0
          inSlope: 0
          outSlope: 0
          tangentMode: 0
        m_PreInfinity: 2
        m_PostInfinity: 2
        m_RotationOrder: 4
      minMaxState: 0
    minKillSpeed: 0
    maxKillSpeed: 10000
    radiusScale: 1
    collidesWith:
      serializedVersion: 2
      m_Bits: 4294967295
    maxCollisionShapes: 256
    quality: 0
    voxelSize: 0.5
    collisionMessages: 0
    collidesWithDynamic: 1
    interiorCollisions: 1
  TriggerModule:
    enabled: 0
    collisionShape0: {fileID: 0}
    collisionShape1: {fileID: 0}
    collisionShape2: {fileID: 0}
    collisionShape3: {fileID: 0}
    collisionShape4: {fileID: 0}
    collisionShape5: {fileID: 0}
    inside: 1
    outside: 0
    enter: 0
    exit: 0
    radiusScale: 1
  SubModule:
    enabled: 0
    subEmitterBirth: {fileID: 0}
    subEmitterBirth1: {fileID: 0}
    subEmitterCollision: {fileID: 0}
    subEmitterCollision1: {fileID: 0}
    subEmitterDeath: {fileID: 0}
    subEmitterDeath1: {fileID: 0}
--- !u!199 &199000012494819718
ParticleSystemRenderer:
  m_ObjectHideFlags: 1
  m_PrefabParentObject: {fileID: 0}
  m_PrefabInternal: {fileID: 100100000}
  m_GameObject: {fileID: 1000013819236892}
  m_Enabled: 1
  m_CastShadows: 0
  m_ReceiveShadows: 0
  m_MotionVectors: 1
  m_LightProbeUsage: 0
  m_ReflectionProbeUsage: 0
  m_Materials:
  - {fileID: 2100000, guid: a7f2b8558dce2774c9b699225859cb57, type: 2}
  m_SubsetIndices: 
  m_StaticBatchRoot: {fileID: 0}
  m_ProbeAnchor: {fileID: 0}
  m_LightProbeVolumeOverride: {fileID: 0}
  m_ScaleInLightmap: 1
  m_PreserveUVs: 0
  m_IgnoreNormalsForChartDetection: 0
  m_ImportantGI: 0
  m_SelectedWireframeHidden: 1
  m_MinimumChartSize: 4
  m_AutoUVMaxDistance: 0.5
  m_AutoUVMaxAngle: 89
  m_LightmapParameters: {fileID: 0}
  m_SortingLayerID: 0
  m_SortingOrder: 0
  m_RenderMode: 0
  m_SortMode: 0
  m_MinParticleSize: 0
  m_MaxParticleSize: 0.5
  m_CameraVelocityScale: 0
  m_VelocityScale: 0
  m_LengthScale: 2
  m_SortingFudge: 0
  m_NormalDirection: 1
  m_RenderAlignment: 0
  m_Pivot: {x: 0, y: 0, z: 0}
  m_Mesh: {fileID: 0}
  m_Mesh1: {fileID: 0}
  m_Mesh2: {fileID: 0}
  m_Mesh3: {fileID: 0}
