%YAML 1.1
%TAG !u! tag:unity3d.com,2011:
--- !u!1001 &100100000
Prefab:
  m_ObjectHideFlags: 1
  serializedVersion: 2
  m_Modification:
    m_TransformParent: {fileID: 0}
    m_Modifications: []
    m_RemovedComponents: []
  m_ParentPrefab: {fileID: 0}
  m_RootGameObject: {fileID: 1000011161798380}
  m_IsPrefabParent: 1
--- !u!1 &1000010003792770
GameObject:
  m_ObjectHideFlags: 1
  m_PrefabParentObject: {fileID: 0}
  m_PrefabInternal: {fileID: 100100000}
  serializedVersion: 4
  m_Component:
  - 4: {fileID: 4000012866016830}
  m_Layer: 0
  m_Name: right_front_leg2
  m_TagString: Untagged
  m_Icon: {fileID: 0}
  m_NavMeshLayer: 0
  m_StaticEditorFlags: 0
  m_IsActive: 1
--- !u!1 &1000010050767364
GameObject:
  m_ObjectHideFlags: 1
  m_PrefabParentObject: {fileID: 0}
  m_PrefabInternal: {fileID: 100100000}
  serializedVersion: 4
  m_Component:
  - 4: {fileID: 4000014255854288}
  m_Layer: 0
  m_Name: left_front_leg3
  m_TagString: Untagged
  m_Icon: {fileID: 0}
  m_NavMeshLayer: 0
  m_StaticEditorFlags: 0
  m_IsActive: 1
--- !u!1 &1000010077177788
GameObject:
  m_ObjectHideFlags: 1
  m_PrefabParentObject: {fileID: 0}
  m_PrefabInternal: {fileID: 100100000}
  serializedVersion: 4
  m_Component:
  - 4: {fileID: 4000011323680482}
  m_Layer: 0
  m_Name: right_rear_leg2
  m_TagString: Untagged
  m_Icon: {fileID: 0}
  m_NavMeshLayer: 0
  m_StaticEditorFlags: 0
  m_IsActive: 1
--- !u!1 &1000010255303816
GameObject:
  m_ObjectHideFlags: 1
  m_PrefabParentObject: {fileID: 0}
  m_PrefabInternal: {fileID: 100100000}
  serializedVersion: 4
  m_Component:
  - 4: {fileID: 4000012956387306}
  m_Layer: 0
  m_Name: left_front_leg1
  m_TagString: Untagged
  m_Icon: {fileID: 0}
  m_NavMeshLayer: 0
  m_StaticEditorFlags: 0
  m_IsActive: 1
--- !u!1 &1000010499929734
GameObject:
  m_ObjectHideFlags: 1
  m_PrefabParentObject: {fileID: 0}
  m_PrefabInternal: {fileID: 100100000}
  serializedVersion: 4
  m_Component:
  - 4: {fileID: 4000012216637026}
  m_Layer: 0
  m_Name: spine2
  m_TagString: Untagged
  m_Icon: {fileID: 0}
  m_NavMeshLayer: 0
  m_StaticEditorFlags: 0
  m_IsActive: 1
--- !u!1 &1000010746933430
GameObject:
  m_ObjectHideFlags: 1
  m_PrefabParentObject: {fileID: 0}
  m_PrefabInternal: {fileID: 100100000}
  serializedVersion: 4
  m_Component:
  - 4: {fileID: 4000012607971558}
  m_Layer: 0
  m_Name: head
  m_TagString: Untagged
  m_Icon: {fileID: 0}
  m_NavMeshLayer: 0
  m_StaticEditorFlags: 0
  m_IsActive: 1
--- !u!1 &1000010838037370
GameObject:
  m_ObjectHideFlags: 0
  m_PrefabParentObject: {fileID: 0}
  m_PrefabInternal: {fileID: 100100000}
  serializedVersion: 4
  m_Component:
  - 4: {fileID: 4000013073020264}
  - 65: {fileID: 65000013008189700}
  - 114: {fileID: 114000010828011454}
  m_Layer: 0
  m_Name: TriggerRun
  m_TagString: Untagged
  m_Icon: {fileID: 0}
  m_NavMeshLayer: 0
  m_StaticEditorFlags: 0
  m_IsActive: 1
--- !u!1 &1000011161798380
GameObject:
  m_ObjectHideFlags: 0
  m_PrefabParentObject: {fileID: 0}
  m_PrefabInternal: {fileID: 100100000}
  serializedVersion: 4
  m_Component:
  - 4: {fileID: 4000013343786946}
  - 65: {fileID: 65000012760583070}
  - 114: {fileID: 114000010622495076}
  - 114: {fileID: 114000011549184300}
  m_Layer: 0
  m_Name: Buffalo
  m_TagString: Untagged
  m_Icon: {fileID: 0}
  m_NavMeshLayer: 0
  m_StaticEditorFlags: 0
  m_IsActive: 1
--- !u!1 &1000011231307218
GameObject:
  m_ObjectHideFlags: 1
  m_PrefabParentObject: {fileID: 0}
  m_PrefabInternal: {fileID: 100100000}
  serializedVersion: 4
  m_Component:
  - 4: {fileID: 4000011693279226}
  m_Layer: 0
  m_Name: right_front_leg4
  m_TagString: Untagged
  m_Icon: {fileID: 0}
  m_NavMeshLayer: 0
  m_StaticEditorFlags: 0
  m_IsActive: 1
--- !u!1 &1000011496998618
GameObject:
  m_ObjectHideFlags: 1
  m_PrefabParentObject: {fileID: 0}
  m_PrefabInternal: {fileID: 100100000}
  serializedVersion: 4
  m_Component:
  - 4: {fileID: 4000013837098344}
  m_Layer: 0
  m_Name: right_front_leg5
  m_TagString: Untagged
  m_Icon: {fileID: 0}
  m_NavMeshLayer: 0
  m_StaticEditorFlags: 0
  m_IsActive: 1
--- !u!1 &1000012005834072
GameObject:
  m_ObjectHideFlags: 1
  m_PrefabParentObject: {fileID: 0}
  m_PrefabInternal: {fileID: 100100000}
  serializedVersion: 4
  m_Component:
  - 4: {fileID: 4000010828035490}
  m_Layer: 0
  m_Name: shoulders
  m_TagString: Untagged
  m_Icon: {fileID: 0}
  m_NavMeshLayer: 0
  m_StaticEditorFlags: 0
  m_IsActive: 1
--- !u!1 &1000012025816414
GameObject:
  m_ObjectHideFlags: 1
  m_PrefabParentObject: {fileID: 0}
  m_PrefabInternal: {fileID: 100100000}
  serializedVersion: 4
  m_Component:
  - 4: {fileID: 4000012042427604}
  - 137: {fileID: 137000010860247362}
  m_Layer: 0
  m_Name: bufalo
  m_TagString: Untagged
  m_Icon: {fileID: 0}
  m_NavMeshLayer: 0
  m_StaticEditorFlags: 0
  m_IsActive: 1
--- !u!1 &1000012041074962
GameObject:
  m_ObjectHideFlags: 1
  m_PrefabParentObject: {fileID: 0}
  m_PrefabInternal: {fileID: 100100000}
  serializedVersion: 4
  m_Component:
  - 4: {fileID: 4000010035326714}
  m_Layer: 0
  m_Name: right_rear_leg4
  m_TagString: Untagged
  m_Icon: {fileID: 0}
  m_NavMeshLayer: 0
  m_StaticEditorFlags: 0
  m_IsActive: 1
--- !u!1 &1000012124002308
GameObject:
  m_ObjectHideFlags: 1
  m_PrefabParentObject: {fileID: 0}
  m_PrefabInternal: {fileID: 100100000}
  serializedVersion: 4
  m_Component:
  - 4: {fileID: 4000014241983678}
  m_Layer: 0
  m_Name: right_front_leg1
  m_TagString: Untagged
  m_Icon: {fileID: 0}
  m_NavMeshLayer: 0
  m_StaticEditorFlags: 0
  m_IsActive: 1
--- !u!1 &1000012164198754
GameObject:
  m_ObjectHideFlags: 1
  m_PrefabParentObject: {fileID: 0}
  m_PrefabInternal: {fileID: 100100000}
  serializedVersion: 4
  m_Component:
  - 4: {fileID: 4000010838294042}
  m_Layer: 0
  m_Name: left_front_leg2
  m_TagString: Untagged
  m_Icon: {fileID: 0}
  m_NavMeshLayer: 0
  m_StaticEditorFlags: 0
  m_IsActive: 1
--- !u!1 &1000012170598906
GameObject:
  m_ObjectHideFlags: 1
  m_PrefabParentObject: {fileID: 0}
  m_PrefabInternal: {fileID: 100100000}
  serializedVersion: 4
  m_Component:
  - 4: {fileID: 4000011733238622}
  m_Layer: 0
  m_Name: left_rear_leg4
  m_TagString: Untagged
  m_Icon: {fileID: 0}
  m_NavMeshLayer: 0
  m_StaticEditorFlags: 0
  m_IsActive: 1
--- !u!1 &1000012173358088
GameObject:
  m_ObjectHideFlags: 1
  m_PrefabParentObject: {fileID: 0}
  m_PrefabInternal: {fileID: 100100000}
  serializedVersion: 4
  m_Component:
  - 4: {fileID: 4000012230879904}
  m_Layer: 0
  m_Name: right_rear_leg3
  m_TagString: Untagged
  m_Icon: {fileID: 0}
  m_NavMeshLayer: 0
  m_StaticEditorFlags: 0
  m_IsActive: 1
--- !u!1 &1000012997366686
GameObject:
  m_ObjectHideFlags: 0
  m_PrefabParentObject: {fileID: 0}
  m_PrefabInternal: {fileID: 100100000}
  serializedVersion: 4
  m_Component:
  - 4: {fileID: 4000012073718970}
  - 95: {fileID: 95000012973792138}
  - 114: {fileID: 114000011165962900}
  m_Layer: 0
  m_Name: Graphics
  m_TagString: Untagged
  m_Icon: {fileID: 0}
  m_NavMeshLayer: 0
  m_StaticEditorFlags: 0
  m_IsActive: 1
--- !u!1 &1000013009415164
GameObject:
  m_ObjectHideFlags: 1
  m_PrefabParentObject: {fileID: 0}
  m_PrefabInternal: {fileID: 100100000}
  serializedVersion: 4
  m_Component:
  - 4: {fileID: 4000011183125864}
  m_Layer: 0
  m_Name: left_rear_leg2
  m_TagString: Untagged
  m_Icon: {fileID: 0}
  m_NavMeshLayer: 0
  m_StaticEditorFlags: 0
  m_IsActive: 1
--- !u!1 &1000013339352064
GameObject:
  m_ObjectHideFlags: 1
  m_PrefabParentObject: {fileID: 0}
  m_PrefabInternal: {fileID: 100100000}
  serializedVersion: 4
  m_Component:
  - 4: {fileID: 4000012368236446}
  m_Layer: 0
  m_Name: left_rear_leg1
  m_TagString: Untagged
  m_Icon: {fileID: 0}
  m_NavMeshLayer: 0
  m_StaticEditorFlags: 0
  m_IsActive: 1
--- !u!1 &1000013403007210
GameObject:
  m_ObjectHideFlags: 1
  m_PrefabParentObject: {fileID: 0}
  m_PrefabInternal: {fileID: 100100000}
  serializedVersion: 4
  m_Component:
  - 4: {fileID: 4000012035481778}
  m_Layer: 0
  m_Name: spine1
  m_TagString: Untagged
  m_Icon: {fileID: 0}
  m_NavMeshLayer: 0
  m_StaticEditorFlags: 0
  m_IsActive: 1
--- !u!1 &1000013411847052
GameObject:
  m_ObjectHideFlags: 1
  m_PrefabParentObject: {fileID: 0}
  m_PrefabInternal: {fileID: 100100000}
  serializedVersion: 4
  m_Component:
  - 4: {fileID: 4000012093242228}
  m_Layer: 0
  m_Name: left_front_leg4
  m_TagString: Untagged
  m_Icon: {fileID: 0}
  m_NavMeshLayer: 0
  m_StaticEditorFlags: 0
  m_IsActive: 1
--- !u!1 &1000013421468482
GameObject:
  m_ObjectHideFlags: 1
  m_PrefabParentObject: {fileID: 0}
  m_PrefabInternal: {fileID: 100100000}
  serializedVersion: 4
  m_Component:
  - 4: {fileID: 4000011445325262}
  m_Layer: 0
  m_Name: right_rear_leg1
  m_TagString: Untagged
  m_Icon: {fileID: 0}
  m_NavMeshLayer: 0
  m_StaticEditorFlags: 0
  m_IsActive: 1
--- !u!1 &1000013612533214
GameObject:
  m_ObjectHideFlags: 1
  m_PrefabParentObject: {fileID: 0}
  m_PrefabInternal: {fileID: 100100000}
  serializedVersion: 4
  m_Component:
  - 4: {fileID: 4000010131219634}
  m_Layer: 0
  m_Name: left_front_leg5
  m_TagString: Untagged
  m_Icon: {fileID: 0}
  m_NavMeshLayer: 0
  m_StaticEditorFlags: 0
  m_IsActive: 1
--- !u!1 &1000014110495420
GameObject:
  m_ObjectHideFlags: 1
  m_PrefabParentObject: {fileID: 0}
  m_PrefabInternal: {fileID: 100100000}
  serializedVersion: 4
  m_Component:
  - 4: {fileID: 4000011039808066}
  - 65: {fileID: 65000010340140204}
  - 114: {fileID: 114000010735112342}
  m_Layer: 0
  m_Name: Damage
  m_TagString: Untagged
  m_Icon: {fileID: 0}
  m_NavMeshLayer: 0
  m_StaticEditorFlags: 0
  m_IsActive: 1
--- !u!1 &1000014144898148
GameObject:
  m_ObjectHideFlags: 1
  m_PrefabParentObject: {fileID: 0}
  m_PrefabInternal: {fileID: 100100000}
  serializedVersion: 4
  m_Component:
  - 4: {fileID: 4000014253122222}
  m_Layer: 0
  m_Name: right_front_leg3
  m_TagString: Untagged
  m_Icon: {fileID: 0}
  m_NavMeshLayer: 0
  m_StaticEditorFlags: 0
  m_IsActive: 1
--- !u!1 &1000014180141028
GameObject:
  m_ObjectHideFlags: 1
  m_PrefabParentObject: {fileID: 0}
  m_PrefabInternal: {fileID: 100100000}
  serializedVersion: 4
  m_Component:
  - 4: {fileID: 4000010061926452}
  m_Layer: 0
  m_Name: hips
  m_TagString: Untagged
  m_Icon: {fileID: 0}
  m_NavMeshLayer: 0
  m_StaticEditorFlags: 0
  m_IsActive: 1
--- !u!1 &1000014180234908
GameObject:
  m_ObjectHideFlags: 1
  m_PrefabParentObject: {fileID: 0}
  m_PrefabInternal: {fileID: 100100000}
  serializedVersion: 4
  m_Component:
  - 4: {fileID: 4000011181133708}
  m_Layer: 0
  m_Name: left_rear_leg3
  m_TagString: Untagged
  m_Icon: {fileID: 0}
  m_NavMeshLayer: 0
  m_StaticEditorFlags: 0
  m_IsActive: 1
--- !u!1 &1000014262505132
GameObject:
  m_ObjectHideFlags: 1
  m_PrefabParentObject: {fileID: 0}
  m_PrefabInternal: {fileID: 100100000}
  serializedVersion: 4
  m_Component:
  - 4: {fileID: 4000013296068870}
  m_Layer: 0
  m_Name: neck
  m_TagString: Untagged
  m_Icon: {fileID: 0}
  m_NavMeshLayer: 0
  m_StaticEditorFlags: 0
  m_IsActive: 1
--- !u!4 &4000010035326714
Transform:
  m_ObjectHideFlags: 1
  m_PrefabParentObject: {fileID: 0}
  m_PrefabInternal: {fileID: 100100000}
  m_GameObject: {fileID: 1000012041074962}
  m_LocalRotation: {x: 0.64117175, y: -0.29815903, z: 0.64117175, w: 0.29815903}
  m_LocalPosition: {x: -0.4209513, y: 1.1966705e-16, z: 1.533164e-16}
  m_LocalScale: {x: 1, y: 1, z: 1}
  m_LocalEulerAnglesHint: {x: 0, y: 0, z: 0}
  m_Children: []
  m_Father: {fileID: 4000012230879904}
  m_RootOrder: 0
--- !u!4 &4000010061926452
Transform:
  m_ObjectHideFlags: 1
  m_PrefabParentObject: {fileID: 0}
  m_PrefabInternal: {fileID: 100100000}
  m_GameObject: {fileID: 1000014180141028}
  m_LocalRotation: {x: -0.08644621, y: 0.70180273, z: -0.08644621, w: 0.70180273}
  m_LocalPosition: {x: 2.3665827e-32, y: 1.4277067, z: -1.0161083}
  m_LocalScale: {x: 1, y: 1, z: 1}
  m_LocalEulerAnglesHint: {x: 0, y: 0, z: 0}
  m_Children:
  - {fileID: 4000012368236446}
  - {fileID: 4000011445325262}
  - {fileID: 4000012035481778}
  m_Father: {fileID: 4000012073718970}
  m_RootOrder: 1
--- !u!4 &4000010131219634
Transform:
  m_ObjectHideFlags: 1
  m_PrefabParentObject: {fileID: 0}
  m_PrefabInternal: {fileID: 100100000}
  m_GameObject: {fileID: 1000013612533214}
  m_LocalRotation: {x: -0.48475718, y: -0.5147917, z: -0.48475718, w: 0.5147917}
  m_LocalPosition: {x: -0.48190355, y: 1.7037925e-16, z: 2.0610335e-17}
  m_LocalScale: {x: 1, y: 1, z: 1}
  m_LocalEulerAnglesHint: {x: 0, y: 0, z: 0}
  m_Children: []
  m_Father: {fileID: 4000012093242228}
  m_RootOrder: 0
--- !u!4 &4000010828035490
Transform:
  m_ObjectHideFlags: 1
  m_PrefabParentObject: {fileID: 0}
  m_PrefabInternal: {fileID: 100100000}
  m_GameObject: {fileID: 1000012005834072}
  m_LocalRotation: {x: -1.9727826e-16, y: 5.7638057e-18, z: 0.14696628, w: 0.9891415}
  m_LocalPosition: {x: -0.3811563, y: 1.5791794e-16, z: -3.612678e-17}
  m_LocalScale: {x: 1, y: 1, z: 1}
  m_LocalEulerAnglesHint: {x: 0, y: 0, z: 0}
  m_Children:
  - {fileID: 4000012956387306}
  - {fileID: 4000013296068870}
  - {fileID: 4000014241983678}
  m_Father: {fileID: 4000012216637026}
  m_RootOrder: 0
--- !u!4 &4000010838294042
Transform:
  m_ObjectHideFlags: 1
  m_PrefabParentObject: {fileID: 0}
  m_PrefabInternal: {fileID: 100100000}
  m_GameObject: {fileID: 1000012164198754}
  m_LocalRotation: {x: 0.6025743, y: 0.7980628, z: -1.1970216e-17, w: -8.576429e-17}
  m_LocalPosition: {x: -0.34549415, y: -9.5893884e-17, z: 9.589389e-18}
  m_LocalScale: {x: 1, y: 1, z: 1}
  m_LocalEulerAnglesHint: {x: 0, y: 0, z: 0}
  m_Children:
  - {fileID: 4000014255854288}
  m_Father: {fileID: 4000012956387306}
  m_RootOrder: 0
--- !u!4 &4000011039808066
Transform:
  m_ObjectHideFlags: 1
  m_PrefabParentObject: {fileID: 0}
  m_PrefabInternal: {fileID: 100100000}
  m_GameObject: {fileID: 1000014110495420}
  m_LocalRotation: {x: 0, y: 0, z: 0, w: 1}
  m_LocalPosition: {x: 0, y: 1, z: 0}
  m_LocalScale: {x: 1, y: 1, z: 1}
  m_LocalEulerAnglesHint: {x: 0, y: 0, z: 0}
  m_Children: []
  m_Father: {fileID: 4000012073718970}
  m_RootOrder: 2
--- !u!4 &4000011181133708
Transform:
  m_ObjectHideFlags: 1
  m_PrefabParentObject: {fileID: 0}
  m_PrefabInternal: {fileID: 100100000}
  m_GameObject: {fileID: 1000014180234908}
  m_LocalRotation: {x: 0.7946715, y: 0.60703975, z: 1.797095e-17, w: -9.078144e-17}
  m_LocalPosition: {x: -0.610982, y: -2.6649803e-16, z: -7.232165e-17}
  m_LocalScale: {x: 1, y: 1, z: 1}
  m_LocalEulerAnglesHint: {x: 0, y: 0, z: 0}
  m_Children:
  - {fileID: 4000011733238622}
  m_Father: {fileID: 4000011183125864}
  m_RootOrder: 0
--- !u!4 &4000011183125864
Transform:
  m_ObjectHideFlags: 1
  m_PrefabParentObject: {fileID: 0}
  m_PrefabInternal: {fileID: 100100000}
  m_GameObject: {fileID: 1000013009415164}
  m_LocalRotation: {x: 0.8513839, y: 0.52454317, z: -3.442912e-17, w: -5.0708954e-17}
  m_LocalPosition: {x: -0.4904197, y: -1.5503918e-16, z: 8.167128e-17}
  m_LocalScale: {x: 1, y: 1, z: 1}
  m_LocalEulerAnglesHint: {x: 0, y: 0, z: 0}
  m_Children:
  - {fileID: 4000011181133708}
  m_Father: {fileID: 4000012368236446}
  m_RootOrder: 0
--- !u!4 &4000011323680482
Transform:
  m_ObjectHideFlags: 1
  m_PrefabParentObject: {fileID: 0}
  m_PrefabInternal: {fileID: 100100000}
  m_GameObject: {fileID: 1000010077177788}
  m_LocalRotation: {x: 0.8513824, y: 0.52454555, z: -3.174992e-17, w: -5.2359623e-17}
  m_LocalPosition: {x: -0.49041888, y: -3.19408e-17, z: 3.552701e-17}
  m_LocalScale: {x: 1, y: 1, z: 1}
  m_LocalEulerAnglesHint: {x: 0, y: 0, z: 0}
  m_Children:
  - {fileID: 4000012230879904}
  m_Father: {fileID: 4000011445325262}
  m_RootOrder: 0
--- !u!4 &4000011445325262
Transform:
  m_ObjectHideFlags: 1
  m_PrefabParentObject: {fileID: 0}
  m_PrefabInternal: {fileID: 100100000}
  m_GameObject: {fileID: 1000013421468482}
  m_LocalRotation: {x: -3.4355137e-17, y: -1.175471e-16, z: 0.6185746, w: 0.7857261}
  m_LocalPosition: {x: -0.036401995, y: -0.073476724, z: 0.23328799}
  m_LocalScale: {x: 1, y: 1, z: 1}
  m_LocalEulerAnglesHint: {x: 0, y: 0, z: 0}
  m_Children:
  - {fileID: 4000011323680482}
  m_Father: {fileID: 4000010061926452}
  m_RootOrder: 1
--- !u!4 &4000011693279226
Transform:
  m_ObjectHideFlags: 1
  m_PrefabParentObject: {fileID: 0}
  m_PrefabInternal: {fileID: 100100000}
  m_GameObject: {fileID: 1000011231307218}
  m_LocalRotation: {x: -1.654924e-17, y: -8.619654e-17, z: 0.13168101, w: 0.9912922}
  m_LocalPosition: {x: -0.4655029, y: -1.6644786e-16, z: -1.6794915e-16}
  m_LocalScale: {x: 1, y: 1, z: 1}
  m_LocalEulerAnglesHint: {x: 0, y: 0, z: 0}
  m_Children:
  - {fileID: 4000013837098344}
  m_Father: {fileID: 4000014253122222}
  m_RootOrder: 0
--- !u!4 &4000011733238622
Transform:
  m_ObjectHideFlags: 1
  m_PrefabParentObject: {fileID: 0}
  m_PrefabInternal: {fileID: 100100000}
  m_GameObject: {fileID: 1000012170598906}
  m_LocalRotation: {x: -0.2981609, y: -0.64117086, z: -0.2981609, w: 0.64117086}
  m_LocalPosition: {x: -0.42094928, y: -1.1207624e-17, z: 5.754441e-17}
  m_LocalScale: {x: 1, y: 1, z: 1}
  m_LocalEulerAnglesHint: {x: 0, y: 0, z: 0}
  m_Children: []
  m_Father: {fileID: 4000011181133708}
  m_RootOrder: 0
--- !u!4 &4000012035481778
Transform:
  m_ObjectHideFlags: 1
  m_PrefabParentObject: {fileID: 0}
  m_PrefabInternal: {fileID: 100100000}
  m_GameObject: {fileID: 1000013403007210}
  m_LocalRotation: {x: -2.1696282e-18, y: 3.1047473e-17, z: 0.07259629, w: 0.9973614}
  m_LocalPosition: {x: -0.2921558, y: -1.6217905e-17, z: 9.730743e-17}
  m_LocalScale: {x: 1, y: 1, z: 1}
  m_LocalEulerAnglesHint: {x: 0, y: 0, z: 0}
  m_Children:
  - {fileID: 4000012216637026}
  m_Father: {fileID: 4000010061926452}
  m_RootOrder: 2
--- !u!4 &4000012042427604
Transform:
  m_ObjectHideFlags: 1
  m_PrefabParentObject: {fileID: 0}
  m_PrefabInternal: {fileID: 100100000}
  m_GameObject: {fileID: 1000012025816414}
  m_LocalRotation: {x: 0, y: -0, z: -0, w: 1}
  m_LocalPosition: {x: -0, y: 0, z: 0}
  m_LocalScale: {x: 1, y: 1, z: 1}
  m_LocalEulerAnglesHint: {x: 0, y: 0, z: 0}
  m_Children: []
  m_Father: {fileID: 4000012073718970}
  m_RootOrder: 0
--- !u!4 &4000012073718970
Transform:
  m_ObjectHideFlags: 1
  m_PrefabParentObject: {fileID: 0}
  m_PrefabInternal: {fileID: 100100000}
  m_GameObject: {fileID: 1000012997366686}
  m_LocalRotation: {x: -0, y: -0.7071065, z: -0, w: 0.7071071}
  m_LocalPosition: {x: 10, y: 0, z: 0}
  m_LocalScale: {x: 1, y: 1, z: 1}
  m_LocalEulerAnglesHint: {x: 0, y: -90.00001, z: 0}
  m_Children:
  - {fileID: 4000012042427604}
  - {fileID: 4000010061926452}
  - {fileID: 4000011039808066}
  m_Father: {fileID: 4000013343786946}
  m_RootOrder: 0
--- !u!4 &4000012093242228
Transform:
  m_ObjectHideFlags: 1
  m_PrefabParentObject: {fileID: 0}
  m_PrefabInternal: {fileID: 100100000}
  m_GameObject: {fileID: 1000013411847052}
  m_LocalRotation: {x: -0.0000000090305505, y: 0.000000013020391, z: 0.13168123, w: 0.9912921}
  m_LocalPosition: {x: -0.46550032, y: 9.5284946e-17, z: 2.1270051e-17}
  m_LocalScale: {x: 1, y: 1, z: 1}
  m_LocalEulerAnglesHint: {x: 0, y: 0, z: 0}
  m_Children:
  - {fileID: 4000010131219634}
  m_Father: {fileID: 4000014255854288}
  m_RootOrder: 0
--- !u!4 &4000012216637026
Transform:
  m_ObjectHideFlags: 1
  m_PrefabParentObject: {fileID: 0}
  m_PrefabInternal: {fileID: 100100000}
  m_GameObject: {fileID: 1000010499929734}
  m_LocalRotation: {x: -1.5004239e-17, y: 1.7145022e-16, z: 0.08123037, w: 0.9966954}
  m_LocalPosition: {x: -0.97817504, y: 3.4658804e-16, z: -4.3061332e-17}
  m_LocalScale: {x: 1, y: 1, z: 1}
  m_LocalEulerAnglesHint: {x: 0, y: 0, z: 0}
  m_Children:
  - {fileID: 4000010828035490}
  m_Father: {fileID: 4000012035481778}
  m_RootOrder: 0
--- !u!4 &4000012230879904
Transform:
  m_ObjectHideFlags: 1
  m_PrefabParentObject: {fileID: 0}
  m_PrefabInternal: {fileID: 100100000}
  m_GameObject: {fileID: 1000012173358088}
  m_LocalRotation: {x: 0.7946684, y: 0.6070438, z: 1.7236582e-16, w: -2.0872348e-16}
  m_LocalPosition: {x: -0.61098397, y: 2.4879728e-17, z: -2.4707985e-16}
  m_LocalScale: {x: 1, y: 1, z: 1}
  m_LocalEulerAnglesHint: {x: 0, y: 0, z: 0}
  m_Children:
  - {fileID: 4000010035326714}
  m_Father: {fileID: 4000011323680482}
  m_RootOrder: 0
--- !u!4 &4000012368236446
Transform:
  m_ObjectHideFlags: 1
  m_PrefabParentObject: {fileID: 0}
  m_PrefabInternal: {fileID: 100100000}
  m_GameObject: {fileID: 1000013339352064}
  m_LocalRotation: {x: -0.000000002090148, y: -0.0000000071513937, z: 0.6185751, w: 0.7857257}
  m_LocalPosition: {x: -0.036401942, y: -0.0734755, z: -0.23328769}
  m_LocalScale: {x: 1, y: 1, z: 1}
  m_LocalEulerAnglesHint: {x: 0, y: 0, z: 0}
  m_Children:
  - {fileID: 4000011183125864}
  m_Father: {fileID: 4000010061926452}
  m_RootOrder: 0
--- !u!4 &4000012607971558
Transform:
  m_ObjectHideFlags: 1
  m_PrefabParentObject: {fileID: 0}
  m_PrefabInternal: {fileID: 100100000}
  m_GameObject: {fileID: 1000010746933430}
  m_LocalRotation: {x: -0.0056114285, y: -0.70708454, z: -0.0056114285, w: 0.70708454}
  m_LocalPosition: {x: -0.22788697, y: -2.512218e-16, z: -2.373608e-17}
  m_LocalScale: {x: 1, y: 1, z: 1}
  m_LocalEulerAnglesHint: {x: 0, y: 0, z: 0}
  m_Children: []
  m_Father: {fileID: 4000013296068870}
  m_RootOrder: 0
--- !u!4 &4000012866016830
Transform:
  m_ObjectHideFlags: 1
  m_PrefabParentObject: {fileID: 0}
  m_PrefabInternal: {fileID: 100100000}
  m_GameObject: {fileID: 1000010003792770}
  m_LocalRotation: {x: 0.60257435, y: 0.79806274, z: -1.197021e-17, w: -8.576429e-17}
  m_LocalPosition: {x: -0.34549728, y: 6.3344704e-17, z: -1.065802e-16}
  m_LocalScale: {x: 1, y: 1, z: 1}
  m_LocalEulerAnglesHint: {x: 0, y: 0, z: 0}
  m_Children:
  - {fileID: 4000014253122222}
  m_Father: {fileID: 4000014241983678}
  m_RootOrder: 0
--- !u!4 &4000012956387306
Transform:
  m_ObjectHideFlags: 1
  m_PrefabParentObject: {fileID: 0}
  m_PrefabInternal: {fileID: 100100000}
  m_GameObject: {fileID: 1000010255303816}
  m_LocalRotation: {x: -0.0000014255596, y: -0.0000051480642, z: 0.21916243, w: 0.9756884}
  m_LocalPosition: {x: -0.00268649, y: -0.04567033, z: -0.31563497}
  m_LocalScale: {x: 1, y: 1, z: 1}
  m_LocalEulerAnglesHint: {x: 0, y: 0, z: 0}
  m_Children:
  - {fileID: 4000010838294042}
  m_Father: {fileID: 4000010828035490}
  m_RootOrder: 0
--- !u!4 &4000013073020264
Transform:
  m_ObjectHideFlags: 1
  m_PrefabParentObject: {fileID: 0}
  m_PrefabInternal: {fileID: 100100000}
  m_GameObject: {fileID: 1000010838037370}
  m_LocalRotation: {x: 0, y: 0, z: 0, w: 1}
  m_LocalPosition: {x: 0, y: 0, z: -15}
  m_LocalScale: {x: 1, y: 1, z: 1}
  m_LocalEulerAnglesHint: {x: 0, y: 0, z: 0}
  m_Children: []
  m_Father: {fileID: 4000013343786946}
  m_RootOrder: 1
--- !u!4 &4000013296068870
Transform:
  m_ObjectHideFlags: 1
  m_PrefabParentObject: {fileID: 0}
  m_PrefabInternal: {fileID: 100100000}
  m_GameObject: {fileID: 1000014262505132}
  m_LocalRotation: {x: -3.819509e-17, y: 6.9074594e-18, z: -0.181309, w: 0.98342615}
  m_LocalPosition: {x: -0.46744928, y: 1.884322e-16, z: -7.784594e-17}
  m_LocalScale: {x: 1, y: 1, z: 1}
  m_LocalEulerAnglesHint: {x: 0, y: 0, z: 0}
  m_Children:
  - {fileID: 4000012607971558}
  m_Father: {fileID: 4000010828035490}
  m_RootOrder: 1
--- !u!4 &4000013343786946
Transform:
  m_ObjectHideFlags: 1
  m_PrefabParentObject: {fileID: 0}
  m_PrefabInternal: {fileID: 100100000}
  m_GameObject: {fileID: 1000011161798380}
  m_LocalRotation: {x: 0, y: 0, z: 0, w: 1}
  m_LocalPosition: {x: 0, y: -1, z: 40}
  m_LocalScale: {x: 1, y: 1, z: 1}
  m_LocalEulerAnglesHint: {x: 0, y: 0, z: 0}
  m_Children:
  - {fileID: 4000012073718970}
  - {fileID: 4000013073020264}
  m_Father: {fileID: 0}
  m_RootOrder: 0
--- !u!4 &4000013837098344
Transform:
  m_ObjectHideFlags: 1
  m_PrefabParentObject: {fileID: 0}
  m_PrefabInternal: {fileID: 100100000}
  m_GameObject: {fileID: 1000011496998618}
  m_LocalRotation: {x: 0.5147915, y: -0.4847574, z: 0.5147915, w: 0.4847574}
  m_LocalPosition: {x: -0.48190337, y: -2.3642566e-16, z: -2.1316278e-16}
  m_LocalScale: {x: 1, y: 1, z: 1}
  m_LocalEulerAnglesHint: {x: 0, y: 0, z: 0}
  m_Children: []
  m_Father: {fileID: 4000011693279226}
  m_RootOrder: 0
--- !u!4 &4000014241983678
Transform:
  m_ObjectHideFlags: 1
  m_PrefabParentObject: {fileID: 0}
  m_PrefabInternal: {fileID: 100100000}
  m_GameObject: {fileID: 1000012124002308}
  m_LocalRotation: {x: -3.2682584e-17, y: -1.1802308e-16, z: 0.2191663, w: 0.97568756}
  m_LocalPosition: {x: -0.0026852265, y: -0.04566769, z: 0.315635}
  m_LocalScale: {x: 1, y: 1, z: 1}
  m_LocalEulerAnglesHint: {x: 0, y: 0, z: 0}
  m_Children:
  - {fileID: 4000012866016830}
  m_Father: {fileID: 4000010828035490}
  m_RootOrder: 2
--- !u!4 &4000014253122222
Transform:
  m_ObjectHideFlags: 1
  m_PrefabParentObject: {fileID: 0}
  m_PrefabInternal: {fileID: 100100000}
  m_GameObject: {fileID: 1000014144898148}
  m_LocalRotation: {x: 0.7570623, y: 0.65334266, z: -4.00057e-17, w: -4.6356697e-17}
  m_LocalPosition: {x: -0.43834743, y: -1.9095143e-16, z: -1.174321e-16}
  m_LocalScale: {x: 1, y: 1, z: 1}
  m_LocalEulerAnglesHint: {x: 0, y: 0, z: 0}
  m_Children:
  - {fileID: 4000011693279226}
  m_Father: {fileID: 4000012866016830}
  m_RootOrder: 0
--- !u!4 &4000014255854288
Transform:
  m_ObjectHideFlags: 1
  m_PrefabParentObject: {fileID: 0}
  m_PrefabInternal: {fileID: 100100000}
  m_GameObject: {fileID: 1000010050767364}
  m_LocalRotation: {x: 0.7570644, y: 0.6533403, z: 4.000555e-17, w: 4.6356826e-17}
  m_LocalPosition: {x: -0.43834934, y: -4.6233223e-16, z: -1.2482231e-16}
  m_LocalScale: {x: 1, y: 1, z: 1}
  m_LocalEulerAnglesHint: {x: 0, y: 0, z: 0}
  m_Children:
  - {fileID: 4000012093242228}
  m_Father: {fileID: 4000010838294042}
  m_RootOrder: 0
--- !u!65 &65000010340140204
BoxCollider:
  m_ObjectHideFlags: 1
  m_PrefabParentObject: {fileID: 0}
  m_PrefabInternal: {fileID: 100100000}
  m_GameObject: {fileID: 1000014110495420}
  m_Material: {fileID: 0}
  m_IsTrigger: 1
  m_Enabled: 1
  serializedVersion: 2
  m_Size: {x: 1, y: 1.75, z: 2.5}
  m_Center: {x: 0, y: 0, z: 0}
--- !u!65 &65000012760583070
BoxCollider:
  m_ObjectHideFlags: 1
  m_PrefabParentObject: {fileID: 0}
  m_PrefabInternal: {fileID: 100100000}
  m_GameObject: {fileID: 1000011161798380}
  m_Material: {fileID: 0}
  m_IsTrigger: 1
  m_Enabled: 1
  serializedVersion: 2
  m_Size: {x: 27.61, y: 5.3994293, z: 2.6}
  m_Center: {x: 0, y: 2.1997147, z: 0}
--- !u!65 &65000013008189700
BoxCollider:
  m_ObjectHideFlags: 1
  m_PrefabParentObject: {fileID: 0}
  m_PrefabInternal: {fileID: 100100000}
  m_GameObject: {fileID: 1000010838037370}
  m_Material: {fileID: 0}
  m_IsTrigger: 1
  m_Enabled: 1
  serializedVersion: 2
  m_Size: {x: 10, y: 6, z: 1}
  m_Center: {x: 0, y: 3, z: 0}
--- !u!95 &95000012973792138
Animator:
  serializedVersion: 3
  m_ObjectHideFlags: 1
  m_PrefabParentObject: {fileID: 0}
  m_PrefabInternal: {fileID: 100100000}
  m_GameObject: {fileID: 1000012997366686}
  m_Enabled: 1
  m_Avatar: {fileID: 9000000, guid: 918ee2bf7aabf604f8f7ed5a285e0adf, type: 3}
  m_Controller: {fileID: 9100000, guid: d379457027db8eb4abf65d01797b4e04, type: 2}
  m_CullingMode: 1
  m_UpdateMode: 0
  m_ApplyRootMotion: 0
  m_LinearVelocityBlending: 0
  m_WarningMessage: 
  m_HasTransformHierarchy: 1
  m_AllowConstantClipSamplingOptimization: 1
--- !u!114 &114000010622495076
MonoBehaviour:
  m_ObjectHideFlags: 1
  m_PrefabParentObject: {fileID: 0}
  m_PrefabInternal: {fileID: 100100000}
  m_GameObject: {fileID: 1000011161798380}
  m_Enabled: 1
  m_EditorHideFlags: 0
  m_Script: {fileID: 11500000, guid: b54f63368496152458286845e8e5cac2, type: 3}
  m_Name: 
  m_EditorClassIdentifier: 
--- !u!114 &114000010735112342
MonoBehaviour:
  m_ObjectHideFlags: 1
  m_PrefabParentObject: {fileID: 0}
  m_PrefabInternal: {fileID: 100100000}
  m_GameObject: {fileID: 1000014110495420}
  m_Enabled: 1
  m_EditorHideFlags: 0
  m_Script: {fileID: 11500000, guid: 8362af9083457ee4faf4e7971099b163, type: 3}
  m_Name: 
  m_EditorClassIdentifier: 
  lifeHits: 1
  goRagdoll: 1
  objectToDisable: {fileID: 0}
--- !u!114 &114000010828011454
MonoBehaviour:
  m_ObjectHideFlags: 1
  m_PrefabParentObject: {fileID: 0}
  m_PrefabInternal: {fileID: 100100000}
  m_GameObject: {fileID: 1000010838037370}
  m_Enabled: 1
  m_EditorHideFlags: 0
  m_Script: {fileID: 11500000, guid: c11c19307704bd74fae70ad857620bee, type: 3}
  m_Name: 
  m_EditorClassIdentifier: 
  laegoo: {fileID: 114000011165962900}
--- !u!114 &114000011165962900
MonoBehaviour:
  m_ObjectHideFlags: 1
  m_PrefabParentObject: {fileID: 0}
  m_PrefabInternal: {fileID: 100100000}
  m_GameObject: {fileID: 1000012997366686}
  m_Enabled: 1
  m_EditorHideFlags: 0
  m_Script: {fileID: 11500000, guid: d011e4604afe7e54c823742df602be2f, type: 3}
  m_Name: 
  m_EditorClassIdentifier: 
  lifes: 1
  score: 0
  addMultiplierHit: 0
  isCritical: 0
  isDetectableThreat: 0
  threatTarget: {fileID: 0}
  entityRenderer: {fileID: 0}
  hitEffect: {fileID: 0}
  critEffect: {fileID: 0}
  entityRagdoll: {fileID: 0}
  topEntityBone: {fileID: 0}
  force: 500
  entityAnimator: {fileID: 95000012973792138}
  speed: 10
  willRun: 1
  goRun: 0
--- !u!114 &114000011549184300
MonoBehaviour:
  m_ObjectHideFlags: 1
  m_PrefabParentObject: {fileID: 0}
  m_PrefabInternal: {fileID: 100100000}
  m_GameObject: {fileID: 1000011161798380}
  m_Enabled: 1
  m_EditorHideFlags: 0
  m_Script: {fileID: 11500000, guid: c00d5186082e140488ae1e4733aa9eb3, type: 3}
  m_Name: 
  m_EditorClassIdentifier: 
  associatedPoint: {fileID: 0}
  alwaysVisible: 0
--- !u!137 &137000010860247362
SkinnedMeshRenderer:
  m_ObjectHideFlags: 1
  m_PrefabParentObject: {fileID: 0}
  m_PrefabInternal: {fileID: 100100000}
  m_GameObject: {fileID: 1000012025816414}
  m_Enabled: 1
  m_CastShadows: 0
  m_ReceiveShadows: 0
  m_MotionVectors: 0
  m_LightProbeUsage: 0
  m_ReflectionProbeUsage: 0
  m_Materials:
  - {fileID: 2100000, guid: 60eac8873b3add24ea2703dc89d91d29, type: 2}
  m_SubsetIndices: 
  m_StaticBatchRoot: {fileID: 0}
  m_ProbeAnchor: {fileID: 0}
  m_LightProbeVolumeOverride: {fileID: 0}
  m_ScaleInLightmap: 1
  m_PreserveUVs: 0
  m_IgnoreNormalsForChartDetection: 0
  m_ImportantGI: 0
  m_SelectedWireframeHidden: 0
  m_MinimumChartSize: 4
  m_AutoUVMaxDistance: 0.5
  m_AutoUVMaxAngle: 89
  m_LightmapParameters: {fileID: 0}
  m_SortingLayerID: 0
  m_SortingOrder: 0
  serializedVersion: 2
  m_Quality: 0
  m_UpdateWhenOffscreen: 0
  m_SkinnedMotionVectors: 0
  m_Mesh: {fileID: 4300000, guid: 918ee2bf7aabf604f8f7ed5a285e0adf, type: 3}
  m_Bones:
  - {fileID: 4000010061926452}
  - {fileID: 4000012035481778}
  - {fileID: 4000012216637026}
  - {fileID: 4000010828035490}
  - {fileID: 4000013296068870}
  - {fileID: 4000012607971558}
  - {fileID: 4000012956387306}
  - {fileID: 4000010838294042}
  - {fileID: 4000014255854288}
  - {fileID: 4000012093242228}
  - {fileID: 4000010131219634}
  - {fileID: 4000014241983678}
  - {fileID: 4000012866016830}
  - {fileID: 4000014253122222}
  - {fileID: 4000011693279226}
  - {fileID: 4000013837098344}
  - {fileID: 4000012368236446}
  - {fileID: 4000011183125864}
  - {fileID: 4000011181133708}
  - {fileID: 4000011733238622}
  - {fileID: 4000011445325262}
  - {fileID: 4000011323680482}
  - {fileID: 4000012230879904}
  - {fileID: 4000010035326714}
  m_BlendShapeWeights: []
  m_RootBone: {fileID: 4000010061926452}
  m_AABB:
    m_Center: {x: -0.86712646, y: -0.6763477, z: -0.0000056922436}
    m_Extent: {x: 1.8228717, y: 1.1978014, z: 0.56223965}
  m_DirtyAABB: 0
