%YAML 1.1
%TAG !u! tag:unity3d.com,2011:
--- !u!1001 &100100000
Prefab:
  m_ObjectHideFlags: 1
  serializedVersion: 2
  m_Modification:
    m_TransformParent: {fileID: 0}
    m_Modifications: []
    m_RemovedComponents: []
  m_ParentPrefab: {fileID: 0}
  m_RootGameObject: {fileID: 1000010861134396}
  m_IsPrefabParent: 1
--- !u!1 &1000010014737138
GameObject:
  m_ObjectHideFlags: 1
  m_PrefabParentObject: {fileID: 0}
  m_PrefabInternal: {fileID: 100100000}
  serializedVersion: 4
  m_Component:
  - 4: {fileID: 4000014079932532}
  - 33: {fileID: 33000012151120406}
  - 23: {fileID: 23000011064367706}
  m_Layer: 12
  m_Name: MuzzleFlashStandard (1)
  m_TagString: Untagged
  m_Icon: {fileID: 0}
  m_NavMeshLayer: 0
  m_StaticEditorFlags: 0
  m_IsActive: 1
--- !u!1 &1000010066864632
GameObject:
  m_ObjectHideFlags: 1
  m_PrefabParentObject: {fileID: 0}
  m_PrefabInternal: {fileID: 100100000}
  serializedVersion: 4
  m_Component:
  - 4: {fileID: 4000013183997652}
  m_Layer: 0
  m_Name: CannonRight
  m_TagString: Untagged
  m_Icon: {fileID: 0}
  m_NavMeshLayer: 0
  m_StaticEditorFlags: 0
  m_IsActive: 1
--- !u!1 &1000010861134396
GameObject:
  m_ObjectHideFlags: 0
  m_PrefabParentObject: {fileID: 0}
  m_PrefabInternal: {fileID: 100100000}
  serializedVersion: 4
  m_Component:
  - 4: {fileID: 4000012773288420}
  - 114: {fileID: 114000014058940514}
  m_Layer: 0
  m_Name: WeaponMeshLow_08b_GunDune
  m_TagString: Untagged
  m_Icon: {fileID: 0}
  m_NavMeshLayer: 0
  m_StaticEditorFlags: 0
  m_IsActive: 1
--- !u!1 &1000011522177078
GameObject:
  m_ObjectHideFlags: 1
  m_PrefabParentObject: {fileID: 0}
  m_PrefabInternal: {fileID: 100100000}
  serializedVersion: 4
  m_Component:
  - 4: {fileID: 4000010407327224}
  - 33: {fileID: 33000012356304752}
  - 23: {fileID: 23000012753827594}
  m_Layer: 12
  m_Name: MuzzleFlashStandard (1)
  m_TagString: Untagged
  m_Icon: {fileID: 0}
  m_NavMeshLayer: 0
  m_StaticEditorFlags: 0
  m_IsActive: 1
--- !u!1 &1000012366850782
GameObject:
  m_ObjectHideFlags: 0
  m_PrefabParentObject: {fileID: 0}
  m_PrefabInternal: {fileID: 100100000}
  serializedVersion: 4
  m_Component:
  - 4: {fileID: 4000011381446086}
  - 33: {fileID: 33000013197409974}
  - 23: {fileID: 23000013252001390}
  m_Layer: 0
  m_Name: pistola_08_lowpo_izq
  m_TagString: Untagged
  m_Icon: {fileID: 0}
  m_NavMeshLayer: 0
  m_StaticEditorFlags: 0
  m_IsActive: 1
--- !u!1 &1000012508597890
GameObject:
  m_ObjectHideFlags: 0
  m_PrefabParentObject: {fileID: 0}
  m_PrefabInternal: {fileID: 100100000}
  serializedVersion: 4
  m_Component:
  - 4: {fileID: 4000013439692580}
  - 33: {fileID: 33000011263405498}
  - 23: {fileID: 23000012659798654}
  m_Layer: 0
  m_Name: pistola_08_lowpo_dcha
  m_TagString: Untagged
  m_Icon: {fileID: 0}
  m_NavMeshLayer: 0
  m_StaticEditorFlags: 0
  m_IsActive: 1
--- !u!1 &1000012572652702
GameObject:
  m_ObjectHideFlags: 1
  m_PrefabParentObject: {fileID: 0}
  m_PrefabInternal: {fileID: 100100000}
  serializedVersion: 4
  m_Component:
  - 4: {fileID: 4000010458257220}
  m_Layer: 0
  m_Name: CannonLeft
  m_TagString: Untagged
  m_Icon: {fileID: 0}
  m_NavMeshLayer: 0
  m_StaticEditorFlags: 0
  m_IsActive: 1
--- !u!1 &1000012735407060
GameObject:
  m_ObjectHideFlags: 1
  m_PrefabParentObject: {fileID: 0}
  m_PrefabInternal: {fileID: 100100000}
  serializedVersion: 4
  m_Component:
  - 4: {fileID: 4000012488684108}
  - 33: {fileID: 33000010566297288}
  - 23: {fileID: 23000011888919974}
  m_Layer: 12
  m_Name: MuzzleFlashStandard
  m_TagString: Untagged
  m_Icon: {fileID: 0}
  m_NavMeshLayer: 0
  m_StaticEditorFlags: 0
  m_IsActive: 1
--- !u!1 &1000012762002868
GameObject:
  m_ObjectHideFlags: 1
  m_PrefabParentObject: {fileID: 0}
  m_PrefabInternal: {fileID: 100100000}
  serializedVersion: 4
  m_Component:
  - 4: {fileID: 4000013627774310}
  m_Layer: 12
  m_Name: RightMuzzleFlashStandard
  m_TagString: Untagged
  m_Icon: {fileID: 0}
  m_NavMeshLayer: 0
  m_StaticEditorFlags: 0
  m_IsActive: 0
--- !u!1 &1000013750756766
GameObject:
  m_ObjectHideFlags: 1
  m_PrefabParentObject: {fileID: 0}
  m_PrefabInternal: {fileID: 100100000}
  serializedVersion: 4
  m_Component:
  - 4: {fileID: 4000012093621430}
  - 33: {fileID: 33000011779168774}
  - 23: {fileID: 23000011111890150}
  m_Layer: 12
  m_Name: MuzzleFlashStandard
  m_TagString: Untagged
  m_Icon: {fileID: 0}
  m_NavMeshLayer: 0
  m_StaticEditorFlags: 0
  m_IsActive: 1
--- !u!1 &1000013753451264
GameObject:
  m_ObjectHideFlags: 1
  m_PrefabParentObject: {fileID: 0}
  m_PrefabInternal: {fileID: 100100000}
  serializedVersion: 4
  m_Component:
  - 4: {fileID: 4000014094643934}
  m_Layer: 12
  m_Name: LeftMuzzleFlashStandard
  m_TagString: Untagged
  m_Icon: {fileID: 0}
  m_NavMeshLayer: 0
  m_StaticEditorFlags: 0
  m_IsActive: 0
--- !u!4 &4000010407327224
Transform:
  m_ObjectHideFlags: 1
  m_PrefabParentObject: {fileID: 0}
  m_PrefabInternal: {fileID: 100100000}
  m_GameObject: {fileID: 1000011522177078}
  m_LocalRotation: {x: 0.45284146, y: 0.5318181, z: 0.47012445, w: -0.5395249}
  m_LocalPosition: {x: 0.0030003507, y: -0.011000015, z: 0.2280001}
  m_LocalScale: {x: 0.6252136, y: 0.6252138, z: 0.6252129}
  m_LocalEulerAnglesHint: {x: 261.34802, y: -260.956, z: 170.416}
  m_Children: []
  m_Father: {fileID: 4000013627774310}
  m_RootOrder: 1
--- !u!4 &4000010458257220
Transform:
  m_ObjectHideFlags: 1
  m_PrefabParentObject: {fileID: 0}
  m_PrefabInternal: {fileID: 100100000}
  m_GameObject: {fileID: 1000012572652702}
  m_LocalRotation: {x: 0.5000005, y: -0.49999955, z: -0.5, w: 0.5000001}
  m_LocalPosition: {x: -0.203, y: -0, z: 0.103}
  m_LocalScale: {x: 1, y: 1, z: 1}
  m_LocalEulerAnglesHint: {x: 0, y: -90.00001, z: -90.00001}
  m_Children:
  - {fileID: 4000014094643934}
  m_Father: {fileID: 4000011381446086}
  m_RootOrder: 0
--- !u!4 &4000011381446086
Transform:
  m_ObjectHideFlags: 1
  m_PrefabParentObject: {fileID: 0}
  m_PrefabInternal: {fileID: 100100000}
  m_GameObject: {fileID: 1000012366850782}
  m_LocalRotation: {x: 0, y: -0, z: -0, w: 1}
  m_LocalPosition: {x: -0.73644155, y: 1.3548665, z: -0.029047031}
  m_LocalScale: {x: 1, y: 1, z: 1}
  m_LocalEulerAnglesHint: {x: 0, y: 0, z: 0}
  m_Children:
  - {fileID: 4000010458257220}
  m_Father: {fileID: 4000012773288420}
  m_RootOrder: 0
--- !u!4 &4000012093621430
Transform:
  m_ObjectHideFlags: 1
  m_PrefabParentObject: {fileID: 0}
  m_PrefabInternal: {fileID: 100100000}
  m_GameObject: {fileID: 1000013750756766}
  m_LocalRotation: {x: 0.47077143, y: -0.54630506, z: 0.46372586, w: 0.5146683}
  m_LocalPosition: {x: -0.017999774, y: -0.015999917, z: 0.23400015}
  m_LocalScale: {x: 0.625213, y: 0.6252131, z: 0.625213}
  m_LocalEulerAnglesHint: {x: 97.60599, y: 72.593994, z: 164.01}
  m_Children: []
  m_Father: {fileID: 4000014094643934}
  m_RootOrder: 0
--- !u!4 &4000012488684108
Transform:
  m_ObjectHideFlags: 1
  m_PrefabParentObject: {fileID: 0}
  m_PrefabInternal: {fileID: 100100000}
  m_GameObject: {fileID: 1000012735407060}
  m_LocalRotation: {x: 0.70170885, y: 0.0436243, z: 0.7084805, w: -0.061294954}
  m_LocalPosition: {x: 0.0030003507, y: -0.011000015, z: 0.2280001}
  m_LocalScale: {x: 0.6252143, y: 0.62521577, z: 0.6252157}
  m_LocalEulerAnglesHint: {x: 188.448, y: -90.64099, z: 1.4409943}
  m_Children: []
  m_Father: {fileID: 4000013627774310}
  m_RootOrder: 0
--- !u!4 &4000012773288420
Transform:
  m_ObjectHideFlags: 1
  m_PrefabParentObject: {fileID: 0}
  m_PrefabInternal: {fileID: 100100000}
  m_GameObject: {fileID: 1000010861134396}
  m_LocalRotation: {x: 0, y: 0, z: 0, w: 1}
  m_LocalPosition: {x: 11.3, y: -1.41, z: -1.23}
  m_LocalScale: {x: 1, y: 1, z: 1}
  m_LocalEulerAnglesHint: {x: 0, y: 0, z: 0}
  m_Children:
  - {fileID: 4000011381446086}
  - {fileID: 4000013439692580}
  m_Father: {fileID: 0}
  m_RootOrder: 0
--- !u!4 &4000013183997652
Transform:
  m_ObjectHideFlags: 1
  m_PrefabParentObject: {fileID: 0}
  m_PrefabInternal: {fileID: 100100000}
  m_GameObject: {fileID: 1000010066864632}
  m_LocalRotation: {x: 0.50000006, y: 0.49999997, z: 0.49999997, w: 0.5000001}
  m_LocalPosition: {x: 0.21, y: 0, z: 0.103}
  m_LocalScale: {x: 1, y: 1, z: 1}
  m_LocalEulerAnglesHint: {x: 0, y: 90.00001, z: 90.00001}
  m_Children:
  - {fileID: 4000013627774310}
  m_Father: {fileID: 4000013439692580}
  m_RootOrder: 0
--- !u!4 &4000013439692580
Transform:
  m_ObjectHideFlags: 1
  m_PrefabParentObject: {fileID: 0}
  m_PrefabInternal: {fileID: 100100000}
  m_GameObject: {fileID: 1000012508597890}
  m_LocalRotation: {x: 0, y: -0, z: -0, w: 1}
  m_LocalPosition: {x: 0.731724, y: 1.3550881, z: -0.033151235}
  m_LocalScale: {x: 1, y: 1, z: 1}
  m_LocalEulerAnglesHint: {x: 0, y: 0, z: 0}
  m_Children:
  - {fileID: 4000013183997652}
  m_Father: {fileID: 4000012773288420}
  m_RootOrder: 1
--- !u!4 &4000013627774310
Transform:
  m_ObjectHideFlags: 1
  m_PrefabParentObject: {fileID: 0}
  m_PrefabInternal: {fileID: 100100000}
  m_GameObject: {fileID: 1000012762002868}
  m_LocalRotation: {x: -0.062089026, y: -0.061912656, z: -0.14725587, w: 0.98520434}
  m_LocalPosition: {x: -0.008, y: 0.075, z: 0.203}
  m_LocalScale: {x: 2.7662, y: 2.7661984, z: 2.7661984}
  m_LocalEulerAnglesHint: {x: 0, y: 0, z: 0}
  m_Children:
  - {fileID: 4000012488684108}
  - {fileID: 4000010407327224}
  m_Father: {fileID: 4000013183997652}
  m_RootOrder: 0
--- !u!4 &4000014079932532
Transform:
  m_ObjectHideFlags: 1
  m_PrefabParentObject: {fileID: 0}
  m_PrefabInternal: {fileID: 100100000}
  m_GameObject: {fileID: 1000010014737138}
  m_LocalRotation: {x: 0.69680876, y: -0.05839001, z: 0.7142022, w: 0.031040277}
  m_LocalPosition: {x: -0.017999774, y: -0.015999917, z: 0.23400015}
  m_LocalScale: {x: 0.62521297, y: 0.6252135, z: 0.6252132}
  m_LocalEulerAnglesHint: {x: 7.2260003, y: 88.761, z: 182.077}
  m_Children: []
  m_Father: {fileID: 4000014094643934}
  m_RootOrder: 1
--- !u!4 &4000014094643934
Transform:
  m_ObjectHideFlags: 1
  m_PrefabParentObject: {fileID: 0}
  m_PrefabInternal: {fileID: 100100000}
  m_GameObject: {fileID: 1000013753451264}
  m_LocalRotation: {x: -0.07384513, y: 0.04981121, z: 0.1320398, w: 0.9872342}
  m_LocalPosition: {x: 0.009, y: 0.049, z: 0.181}
  m_LocalScale: {x: 2.7662, y: 2.7661984, z: 2.7661984}
  m_LocalEulerAnglesHint: {x: 0, y: 0, z: 0}
  m_Children:
  - {fileID: 4000012093621430}
  - {fileID: 4000014079932532}
  m_Father: {fileID: 4000010458257220}
  m_RootOrder: 0
--- !u!23 &23000011064367706
MeshRenderer:
  m_ObjectHideFlags: 1
  m_PrefabParentObject: {fileID: 0}
  m_PrefabInternal: {fileID: 100100000}
  m_GameObject: {fileID: 1000010014737138}
  m_Enabled: 1
  m_CastShadows: 0
  m_ReceiveShadows: 0
  m_MotionVectors: 0
  m_LightProbeUsage: 0
  m_ReflectionProbeUsage: 0
  m_Materials:
  - {fileID: 2100000, guid: d8e3b5c4ef8a7ff4fbe5250f2abfe4a9, type: 2}
  m_SubsetIndices: 
  m_StaticBatchRoot: {fileID: 0}
  m_ProbeAnchor: {fileID: 0}
  m_LightProbeVolumeOverride: {fileID: 0}
  m_ScaleInLightmap: 1
  m_PreserveUVs: 1
  m_IgnoreNormalsForChartDetection: 0
  m_ImportantGI: 0
  m_SelectedWireframeHidden: 0
  m_MinimumChartSize: 4
  m_AutoUVMaxDistance: 0.5
  m_AutoUVMaxAngle: 89
  m_LightmapParameters: {fileID: 0}
  m_SortingLayerID: 0
  m_SortingOrder: 0
--- !u!23 &23000011111890150
MeshRenderer:
  m_ObjectHideFlags: 1
  m_PrefabParentObject: {fileID: 0}
  m_PrefabInternal: {fileID: 100100000}
  m_GameObject: {fileID: 1000013750756766}
  m_Enabled: 1
  m_CastShadows: 0
  m_ReceiveShadows: 0
  m_MotionVectors: 0
  m_LightProbeUsage: 0
  m_ReflectionProbeUsage: 0
  m_Materials:
  - {fileID: 2100000, guid: d8e3b5c4ef8a7ff4fbe5250f2abfe4a9, type: 2}
  m_SubsetIndices: 
  m_StaticBatchRoot: {fileID: 0}
  m_ProbeAnchor: {fileID: 0}
  m_LightProbeVolumeOverride: {fileID: 0}
  m_ScaleInLightmap: 1
  m_PreserveUVs: 1
  m_IgnoreNormalsForChartDetection: 0
  m_ImportantGI: 0
  m_SelectedWireframeHidden: 0
  m_MinimumChartSize: 4
  m_AutoUVMaxDistance: 0.5
  m_AutoUVMaxAngle: 89
  m_LightmapParameters: {fileID: 0}
  m_SortingLayerID: 0
  m_SortingOrder: 0
--- !u!23 &23000011888919974
MeshRenderer:
  m_ObjectHideFlags: 1
  m_PrefabParentObject: {fileID: 0}
  m_PrefabInternal: {fileID: 100100000}
  m_GameObject: {fileID: 1000012735407060}
  m_Enabled: 1
  m_CastShadows: 0
  m_ReceiveShadows: 0
  m_MotionVectors: 0
  m_LightProbeUsage: 0
  m_ReflectionProbeUsage: 0
  m_Materials:
  - {fileID: 2100000, guid: d8e3b5c4ef8a7ff4fbe5250f2abfe4a9, type: 2}
  m_SubsetIndices: 
  m_StaticBatchRoot: {fileID: 0}
  m_ProbeAnchor: {fileID: 0}
  m_LightProbeVolumeOverride: {fileID: 0}
  m_ScaleInLightmap: 1
  m_PreserveUVs: 1
  m_IgnoreNormalsForChartDetection: 0
  m_ImportantGI: 0
  m_SelectedWireframeHidden: 0
  m_MinimumChartSize: 4
  m_AutoUVMaxDistance: 0.5
  m_AutoUVMaxAngle: 89
  m_LightmapParameters: {fileID: 0}
  m_SortingLayerID: 0
  m_SortingOrder: 0
--- !u!23 &23000012659798654
MeshRenderer:
  m_ObjectHideFlags: 1
  m_PrefabParentObject: {fileID: 0}
  m_PrefabInternal: {fileID: 100100000}
  m_GameObject: {fileID: 1000012508597890}
  m_Enabled: 1
  m_CastShadows: 0
  m_ReceiveShadows: 0
  m_MotionVectors: 0
  m_LightProbeUsage: 0
  m_ReflectionProbeUsage: 0
  m_Materials:
  - {fileID: 10302, guid: 0000000000000000f000000000000000, type: 0}
  m_SubsetIndices: 
  m_StaticBatchRoot: {fileID: 0}
  m_ProbeAnchor: {fileID: 0}
  m_LightProbeVolumeOverride: {fileID: 0}
  m_ScaleInLightmap: 1
  m_PreserveUVs: 0
  m_IgnoreNormalsForChartDetection: 0
  m_ImportantGI: 0
  m_SelectedWireframeHidden: 0
  m_MinimumChartSize: 4
  m_AutoUVMaxDistance: 0.5
  m_AutoUVMaxAngle: 89
  m_LightmapParameters: {fileID: 0}
  m_SortingLayerID: 0
  m_SortingOrder: 0
--- !u!23 &23000012753827594
MeshRenderer:
  m_ObjectHideFlags: 1
  m_PrefabParentObject: {fileID: 0}
  m_PrefabInternal: {fileID: 100100000}
  m_GameObject: {fileID: 1000011522177078}
  m_Enabled: 1
  m_CastShadows: 0
  m_ReceiveShadows: 0
  m_MotionVectors: 0
  m_LightProbeUsage: 0
  m_ReflectionProbeUsage: 0
  m_Materials:
  - {fileID: 2100000, guid: d8e3b5c4ef8a7ff4fbe5250f2abfe4a9, type: 2}
  m_SubsetIndices: 
  m_StaticBatchRoot: {fileID: 0}
  m_ProbeAnchor: {fileID: 0}
  m_LightProbeVolumeOverride: {fileID: 0}
  m_ScaleInLightmap: 1
  m_PreserveUVs: 1
  m_IgnoreNormalsForChartDetection: 0
  m_ImportantGI: 0
  m_SelectedWireframeHidden: 0
  m_MinimumChartSize: 4
  m_AutoUVMaxDistance: 0.5
  m_AutoUVMaxAngle: 89
  m_LightmapParameters: {fileID: 0}
  m_SortingLayerID: 0
  m_SortingOrder: 0
--- !u!23 &23000013252001390
MeshRenderer:
  m_ObjectHideFlags: 1
  m_PrefabParentObject: {fileID: 0}
  m_PrefabInternal: {fileID: 100100000}
  m_GameObject: {fileID: 1000012366850782}
  m_Enabled: 1
  m_CastShadows: 0
  m_ReceiveShadows: 0
  m_MotionVectors: 0
  m_LightProbeUsage: 0
  m_ReflectionProbeUsage: 0
  m_Materials:
  - {fileID: 10302, guid: 0000000000000000f000000000000000, type: 0}
  m_SubsetIndices: 
  m_StaticBatchRoot: {fileID: 0}
  m_ProbeAnchor: {fileID: 0}
  m_LightProbeVolumeOverride: {fileID: 0}
  m_ScaleInLightmap: 1
  m_PreserveUVs: 0
  m_IgnoreNormalsForChartDetection: 0
  m_ImportantGI: 0
  m_SelectedWireframeHidden: 0
  m_MinimumChartSize: 4
  m_AutoUVMaxDistance: 0.5
  m_AutoUVMaxAngle: 89
  m_LightmapParameters: {fileID: 0}
  m_SortingLayerID: 0
  m_SortingOrder: 0
--- !u!33 &33000010566297288
MeshFilter:
  m_ObjectHideFlags: 1
  m_PrefabParentObject: {fileID: 0}
  m_PrefabInternal: {fileID: 100100000}
  m_GameObject: {fileID: 1000012735407060}
  m_Mesh: {fileID: 10210, guid: 0000000000000000e000000000000000, type: 0}
--- !u!33 &33000011263405498
MeshFilter:
  m_ObjectHideFlags: 1
  m_PrefabParentObject: {fileID: 0}
  m_PrefabInternal: {fileID: 100100000}
  m_GameObject: {fileID: 1000012508597890}
  m_Mesh: {fileID: 4300000, guid: f3e87e8ac0de09548bc24cb82a0e1764, type: 3}
--- !u!33 &33000011779168774
MeshFilter:
  m_ObjectHideFlags: 1
  m_PrefabParentObject: {fileID: 0}
  m_PrefabInternal: {fileID: 100100000}
  m_GameObject: {fileID: 1000013750756766}
  m_Mesh: {fileID: 10210, guid: 0000000000000000e000000000000000, type: 0}
--- !u!33 &33000012151120406
MeshFilter:
  m_ObjectHideFlags: 1
  m_PrefabParentObject: {fileID: 0}
  m_PrefabInternal: {fileID: 100100000}
  m_GameObject: {fileID: 1000010014737138}
  m_Mesh: {fileID: 10210, guid: 0000000000000000e000000000000000, type: 0}
--- !u!33 &33000012356304752
MeshFilter:
  m_ObjectHideFlags: 1
  m_PrefabParentObject: {fileID: 0}
  m_PrefabInternal: {fileID: 100100000}
  m_GameObject: {fileID: 1000011522177078}
  m_Mesh: {fileID: 10210, guid: 0000000000000000e000000000000000, type: 0}
--- !u!33 &33000013197409974
MeshFilter:
  m_ObjectHideFlags: 1
  m_PrefabParentObject: {fileID: 0}
  m_PrefabInternal: {fileID: 100100000}
  m_GameObject: {fileID: 1000012366850782}
  m_Mesh: {fileID: 4300002, guid: f3e87e8ac0de09548bc24cb82a0e1764, type: 3}
--- !u!114 &114000014058940514
MonoBehaviour:
  m_ObjectHideFlags: 1
  m_PrefabParentObject: {fileID: 0}
  m_PrefabInternal: {fileID: 100100000}
  m_GameObject: {fileID: 1000010861134396}
  m_Enabled: 1
  m_EditorHideFlags: 0
  m_Script: {fileID: 11500000, guid: 8da9a674e99c7c843a3491014a748e78, type: 3}
  m_Name: 
  m_EditorClassIdentifier: 
  weaponObjects:
  - {fileID: 1000012366850782}
  - {fileID: 1000012508597890}
  weaponCannons:
  - {fileID: 4000010458257220}
  - {fileID: 4000013183997652}
  projectilePrefab: {fileID: 1000012745709894, guid: bc37eb45c957b9541aa8f075c0918ec7,
    type: 2}
  projectileSpeed: 200
  muzzleFlashes:
  - {fileID: 1000013753451264}
  - {fileID: 1000012762002868}
  shootEffects:
  - {fileID: 8300000, guid: bcb8d91856724da4fa83946ca3476e48, type: 3}
  - {fileID: 8300000, guid: 11369b19924c4bf4d9bcfbbfb78546fc, type: 3}
  - {fileID: 8300000, guid: b5611a0ca7016174f956f3cc27673a1e, type: 3}
  - {fileID: 8300000, guid: 779c1d1ce43b9a74c95c343264e88363, type: 3}
