%YAML 1.1
%TAG !u! tag:unity3d.com,2011:
--- !u!1 &103454
GameObject:
  m_ObjectHideFlags: 1
  m_PrefabParentObject: {fileID: 0}
  m_PrefabInternal: {fileID: 100100000}
  serializedVersion: 4
  m_Component:
  - 4: {fileID: 424822}
  m_Layer: 0
  m_Name: pasted__pasted__Arbol_seco_V2 2
  m_TagString: Untagged
  m_Icon: {fileID: 0}
  m_NavMeshLayer: 0
  m_StaticEditorFlags: 4294967295
  m_IsActive: 1
--- !u!1 &104930
GameObject:
  m_ObjectHideFlags: 1
  m_PrefabParentObject: {fileID: 0}
  m_PrefabInternal: {fileID: 100100000}
  serializedVersion: 4
  m_Component:
  - 4: {fileID: 465138}
  m_Layer: 0
  m_Name: pasted__pasted__group26 1
  m_TagString: Untagged
  m_Icon: {fileID: 0}
  m_NavMeshLayer: 0
  m_StaticEditorFlags: 4294967295
  m_IsActive: 1
--- !u!1 &109254
GameObject:
  m_ObjectHideFlags: 1
  m_PrefabParentObject: {fileID: 0}
  m_PrefabInternal: {fileID: 100100000}
  serializedVersion: 4
  m_Component:
  - 4: {fileID: 408842}
  m_Layer: 0
  m_Name: pasted__Arboles_Caidos 1
  m_TagString: Untagged
  m_Icon: {fileID: 0}
  m_NavMeshLayer: 0
  m_StaticEditorFlags: 4294967295
  m_IsActive: 1
--- !u!1 &111408
GameObject:
  m_ObjectHideFlags: 1
  m_PrefabParentObject: {fileID: 0}
  m_PrefabInternal: {fileID: 100100000}
  serializedVersion: 4
  m_Component:
  - 4: {fileID: 437250}
  m_Layer: 0
  m_Name: pasted__Arbol_seco_V2 1
  m_TagString: Untagged
  m_Icon: {fileID: 0}
  m_NavMeshLayer: 0
  m_StaticEditorFlags: 4294967295
  m_IsActive: 1
--- !u!1 &111978
GameObject:
  m_ObjectHideFlags: 1
  m_PrefabParentObject: {fileID: 0}
  m_PrefabInternal: {fileID: 100100000}
  serializedVersion: 4
  m_Component:
  - 4: {fileID: 452274}
  m_Layer: 0
  m_Name: group25
  m_TagString: Untagged
  m_Icon: {fileID: 0}
  m_NavMeshLayer: 0
  m_StaticEditorFlags: 4294967295
  m_IsActive: 1
--- !u!1 &114682
GameObject:
  m_ObjectHideFlags: 1
  m_PrefabParentObject: {fileID: 0}
  m_PrefabInternal: {fileID: 100100000}
  serializedVersion: 4
  m_Component:
  - 4: {fileID: 492932}
  m_Layer: 0
  m_Name: pasted__Arboles_Caidos 2
  m_TagString: Untagged
  m_Icon: {fileID: 0}
  m_NavMeshLayer: 0
  m_StaticEditorFlags: 4294967295
  m_IsActive: 1
--- !u!1 &116134
GameObject:
  m_ObjectHideFlags: 1
  m_PrefabParentObject: {fileID: 0}
  m_PrefabInternal: {fileID: 100100000}
  serializedVersion: 4
  m_Component:
  - 4: {fileID: 432682}
  m_Layer: 0
  m_Name: pasted__pasted__pasted__pasted__pasted__group10 1
  m_TagString: Untagged
  m_Icon: {fileID: 0}
  m_NavMeshLayer: 0
  m_StaticEditorFlags: 4294967295
  m_IsActive: 1
--- !u!1 &117832
GameObject:
  m_ObjectHideFlags: 1
  m_PrefabParentObject: {fileID: 0}
  m_PrefabInternal: {fileID: 100100000}
  serializedVersion: 4
  m_Component:
  - 4: {fileID: 428408}
  m_Layer: 0
  m_Name: pasted__Arbol_seco_V2
  m_TagString: Untagged
  m_Icon: {fileID: 0}
  m_NavMeshLayer: 0
  m_StaticEditorFlags: 4294967295
  m_IsActive: 1
--- !u!1 &119472
GameObject:
  m_ObjectHideFlags: 1
  m_PrefabParentObject: {fileID: 0}
  m_PrefabInternal: {fileID: 100100000}
  serializedVersion: 4
  m_Component:
  - 4: {fileID: 406954}
  m_Layer: 0
  m_Name: pasted__pasted__group27 2
  m_TagString: Untagged
  m_Icon: {fileID: 0}
  m_NavMeshLayer: 0
  m_StaticEditorFlags: 4294967295
  m_IsActive: 1
--- !u!1 &120942
GameObject:
  m_ObjectHideFlags: 1
  m_PrefabParentObject: {fileID: 0}
  m_PrefabInternal: {fileID: 100100000}
  serializedVersion: 4
  m_Component:
  - 4: {fileID: 447044}
  m_Layer: 0
  m_Name: pasted__pasted__group27 1
  m_TagString: Untagged
  m_Icon: {fileID: 0}
  m_NavMeshLayer: 0
  m_StaticEditorFlags: 4294967295
  m_IsActive: 1
--- !u!1 &123980
GameObject:
  m_ObjectHideFlags: 1
  m_PrefabParentObject: {fileID: 0}
  m_PrefabInternal: {fileID: 100100000}
  serializedVersion: 4
  m_Component:
  - 4: {fileID: 482094}
  m_Layer: 0
  m_Name: pasted__pasted__pasted__pasted__Arbol_seco_V2 1
  m_TagString: Untagged
  m_Icon: {fileID: 0}
  m_NavMeshLayer: 0
  m_StaticEditorFlags: 4294967295
  m_IsActive: 1
--- !u!1 &124948
GameObject:
  m_ObjectHideFlags: 1
  m_PrefabParentObject: {fileID: 0}
  m_PrefabInternal: {fileID: 100100000}
  serializedVersion: 4
  m_Component:
  - 4: {fileID: 402712}
  m_Layer: 0
  m_Name: pasted__pasted__group10
  m_TagString: Untagged
  m_Icon: {fileID: 0}
  m_NavMeshLayer: 0
  m_StaticEditorFlags: 4294967295
  m_IsActive: 1
--- !u!1 &128354
GameObject:
  m_ObjectHideFlags: 0
  m_PrefabParentObject: {fileID: 0}
  m_PrefabInternal: {fileID: 100100000}
  serializedVersion: 4
  m_Component:
  - 4: {fileID: 499832}
  - 65: {fileID: 6515200}
  - 114: {fileID: 11432398}
  - 114: {fileID: 11404776}
  m_Layer: 0
  m_Name: FallenTree2
  m_TagString: Untagged
  m_Icon: {fileID: 0}
  m_NavMeshLayer: 0
  m_StaticEditorFlags: 0
  m_IsActive: 1
--- !u!1 &132622
GameObject:
  m_ObjectHideFlags: 1
  m_PrefabParentObject: {fileID: 0}
  m_PrefabInternal: {fileID: 100100000}
  serializedVersion: 4
  m_Component:
  - 4: {fileID: 424902}
  - 33: {fileID: 3327928}
  - 23: {fileID: 2327446}
  m_Layer: 0
  m_Name: pasted__pasted__pasted__pasted__pasted__pasted__pCylinder2 2
  m_TagString: Untagged
  m_Icon: {fileID: 0}
  m_NavMeshLayer: 0
  m_StaticEditorFlags: 4294967295
  m_IsActive: 1
--- !u!1 &132694
GameObject:
  m_ObjectHideFlags: 1
  m_PrefabParentObject: {fileID: 0}
  m_PrefabInternal: {fileID: 100100000}
  serializedVersion: 4
  m_Component:
  - 4: {fileID: 406552}
  m_Layer: 0
  m_Name: pasted__pasted__pasted__pasted__group11 1
  m_TagString: Untagged
  m_Icon: {fileID: 0}
  m_NavMeshLayer: 0
  m_StaticEditorFlags: 4294967295
  m_IsActive: 1
--- !u!1 &134302
GameObject:
  m_ObjectHideFlags: 1
  m_PrefabParentObject: {fileID: 0}
  m_PrefabInternal: {fileID: 100100000}
  serializedVersion: 4
  m_Component:
  - 4: {fileID: 447672}
  m_Layer: 0
  m_Name: pasted__Arbol_CaidoV2 2
  m_TagString: Untagged
  m_Icon: {fileID: 0}
  m_NavMeshLayer: 0
  m_StaticEditorFlags: 4294967295
  m_IsActive: 1
--- !u!1 &135840
GameObject:
  m_ObjectHideFlags: 1
  m_PrefabParentObject: {fileID: 0}
  m_PrefabInternal: {fileID: 100100000}
  serializedVersion: 4
  m_Component:
  - 4: {fileID: 473784}
  m_Layer: 0
  m_Name: pasted__group25 1
  m_TagString: Untagged
  m_Icon: {fileID: 0}
  m_NavMeshLayer: 0
  m_StaticEditorFlags: 4294967295
  m_IsActive: 1
--- !u!1 &139026
GameObject:
  m_ObjectHideFlags: 1
  m_PrefabParentObject: {fileID: 0}
  m_PrefabInternal: {fileID: 100100000}
  serializedVersion: 4
  m_Component:
  - 4: {fileID: 438944}
  m_Layer: 0
  m_Name: group26
  m_TagString: Untagged
  m_Icon: {fileID: 0}
  m_NavMeshLayer: 0
  m_StaticEditorFlags: 4294967295
  m_IsActive: 1
--- !u!1 &148836
GameObject:
  m_ObjectHideFlags: 1
  m_PrefabParentObject: {fileID: 0}
  m_PrefabInternal: {fileID: 100100000}
  serializedVersion: 4
  m_Component:
  - 4: {fileID: 470700}
  m_Layer: 0
  m_Name: group47
  m_TagString: Untagged
  m_Icon: {fileID: 0}
  m_NavMeshLayer: 0
  m_StaticEditorFlags: 4294967295
  m_IsActive: 1
--- !u!1 &155962
GameObject:
  m_ObjectHideFlags: 1
  m_PrefabParentObject: {fileID: 0}
  m_PrefabInternal: {fileID: 100100000}
  serializedVersion: 4
  m_Component:
  - 4: {fileID: 406672}
  m_Layer: 0
  m_Name: pasted__pasted__group26 2
  m_TagString: Untagged
  m_Icon: {fileID: 0}
  m_NavMeshLayer: 0
  m_StaticEditorFlags: 4294967295
  m_IsActive: 1
--- !u!1 &162034
GameObject:
  m_ObjectHideFlags: 1
  m_PrefabParentObject: {fileID: 0}
  m_PrefabInternal: {fileID: 100100000}
  serializedVersion: 4
  m_Component:
  - 4: {fileID: 412086}
  m_Layer: 0
  m_Name: group48
  m_TagString: Untagged
  m_Icon: {fileID: 0}
  m_NavMeshLayer: 0
  m_StaticEditorFlags: 4294967295
  m_IsActive: 1
--- !u!1 &164842
GameObject:
  m_ObjectHideFlags: 1
  m_PrefabParentObject: {fileID: 0}
  m_PrefabInternal: {fileID: 100100000}
  serializedVersion: 4
  m_Component:
  - 4: {fileID: 435686}
  m_Layer: 0
  m_Name: pasted__group40 2
  m_TagString: Untagged
  m_Icon: {fileID: 0}
  m_NavMeshLayer: 0
  m_StaticEditorFlags: 4294967295
  m_IsActive: 1
--- !u!1 &170214
GameObject:
  m_ObjectHideFlags: 1
  m_PrefabParentObject: {fileID: 0}
  m_PrefabInternal: {fileID: 100100000}
  serializedVersion: 4
  m_Component:
  - 4: {fileID: 483710}
  m_Layer: 0
  m_Name: pasted__group40 1
  m_TagString: Untagged
  m_Icon: {fileID: 0}
  m_NavMeshLayer: 0
  m_StaticEditorFlags: 4294967295
  m_IsActive: 1
--- !u!1 &171860
GameObject:
  m_ObjectHideFlags: 1
  m_PrefabParentObject: {fileID: 0}
  m_PrefabInternal: {fileID: 100100000}
  serializedVersion: 4
  m_Component:
  - 4: {fileID: 424190}
  m_Layer: 0
  m_Name: pasted__pasted__pasted__group25 2
  m_TagString: Untagged
  m_Icon: {fileID: 0}
  m_NavMeshLayer: 0
  m_StaticEditorFlags: 4294967295
  m_IsActive: 1
--- !u!1 &176430
GameObject:
  m_ObjectHideFlags: 1
  m_PrefabParentObject: {fileID: 0}
  m_PrefabInternal: {fileID: 100100000}
  serializedVersion: 4
  m_Component:
  - 4: {fileID: 457380}
  m_Layer: 0
  m_Name: pasted__Arbol_CaidoV2 1
  m_TagString: Untagged
  m_Icon: {fileID: 0}
  m_NavMeshLayer: 0
  m_StaticEditorFlags: 4294967295
  m_IsActive: 1
--- !u!1 &182954
GameObject:
  m_ObjectHideFlags: 1
  m_PrefabParentObject: {fileID: 0}
  m_PrefabInternal: {fileID: 100100000}
  serializedVersion: 4
  m_Component:
  - 4: {fileID: 438294}
  m_Layer: 0
  m_Name: pasted__pasted__pasted__pasted__group11 2
  m_TagString: Untagged
  m_Icon: {fileID: 0}
  m_NavMeshLayer: 0
  m_StaticEditorFlags: 4294967295
  m_IsActive: 1
--- !u!1 &184948
GameObject:
  m_ObjectHideFlags: 0
  m_PrefabParentObject: {fileID: 0}
  m_PrefabInternal: {fileID: 100100000}
  serializedVersion: 4
  m_Component:
  - 4: {fileID: 475048}
  m_Layer: 0
  m_Name: Graphics
  m_TagString: Untagged
  m_Icon: {fileID: 0}
  m_NavMeshLayer: 0
  m_StaticEditorFlags: 4294967295
  m_IsActive: 1
--- !u!1 &185046
GameObject:
  m_ObjectHideFlags: 1
  m_PrefabParentObject: {fileID: 0}
  m_PrefabInternal: {fileID: 100100000}
  serializedVersion: 4
  m_Component:
  - 4: {fileID: 402520}
  m_Layer: 0
  m_Name: pasted__pasted__pasted__pasted__Arbol_seco_V2 2
  m_TagString: Untagged
  m_Icon: {fileID: 0}
  m_NavMeshLayer: 0
  m_StaticEditorFlags: 4294967295
  m_IsActive: 1
--- !u!1 &185060
GameObject:
  m_ObjectHideFlags: 1
  m_PrefabParentObject: {fileID: 0}
  m_PrefabInternal: {fileID: 100100000}
  serializedVersion: 4
  m_Component:
  - 4: {fileID: 453504}
  m_Layer: 0
  m_Name: pasted__pasted__pasted__pasted__pasted__group10 2
  m_TagString: Untagged
  m_Icon: {fileID: 0}
  m_NavMeshLayer: 0
  m_StaticEditorFlags: 4294967295
  m_IsActive: 1
--- !u!1 &185122
GameObject:
  m_ObjectHideFlags: 1
  m_PrefabParentObject: {fileID: 0}
  m_PrefabInternal: {fileID: 100100000}
  serializedVersion: 4
  m_Component:
  - 4: {fileID: 411026}
  - 33: {fileID: 3387570}
  - 23: {fileID: 2332880}
  m_Layer: 0
  m_Name: pasted__pCylinder1
  m_TagString: Untagged
  m_Icon: {fileID: 0}
  m_NavMeshLayer: 0
  m_StaticEditorFlags: 4294967295
  m_IsActive: 1
--- !u!1 &185568
GameObject:
  m_ObjectHideFlags: 1
  m_PrefabParentObject: {fileID: 0}
  m_PrefabInternal: {fileID: 100100000}
  serializedVersion: 4
  m_Component:
  - 4: {fileID: 477832}
  m_Layer: 0
  m_Name: pasted__pasted__group11 1
  m_TagString: Untagged
  m_Icon: {fileID: 0}
  m_NavMeshLayer: 0
  m_StaticEditorFlags: 4294967295
  m_IsActive: 1
--- !u!1 &185634
GameObject:
  m_ObjectHideFlags: 1
  m_PrefabParentObject: {fileID: 0}
  m_PrefabInternal: {fileID: 100100000}
  serializedVersion: 4
  m_Component:
  - 4: {fileID: 466902}
  m_Layer: 0
  m_Name: pasted__pasted__pasted__group10 1
  m_TagString: Untagged
  m_Icon: {fileID: 0}
  m_NavMeshLayer: 0
  m_StaticEditorFlags: 4294967295
  m_IsActive: 1
--- !u!1 &189924
GameObject:
  m_ObjectHideFlags: 1
  m_PrefabParentObject: {fileID: 0}
  m_PrefabInternal: {fileID: 100100000}
  serializedVersion: 4
  m_Component:
  - 4: {fileID: 461292}
  m_Layer: 0
  m_Name: pasted__group11
  m_TagString: Untagged
  m_Icon: {fileID: 0}
  m_NavMeshLayer: 0
  m_StaticEditorFlags: 4294967295
  m_IsActive: 1
--- !u!1 &191948
GameObject:
  m_ObjectHideFlags: 1
  m_PrefabParentObject: {fileID: 0}
  m_PrefabInternal: {fileID: 100100000}
  serializedVersion: 4
  m_Component:
  - 4: {fileID: 489060}
  m_Layer: 0
  m_Name: pasted__pasted__pasted__group25 1
  m_TagString: Untagged
  m_Icon: {fileID: 0}
  m_NavMeshLayer: 0
  m_StaticEditorFlags: 4294967295
  m_IsActive: 1
--- !u!1 &193774
GameObject:
  m_ObjectHideFlags: 1
  m_PrefabParentObject: {fileID: 0}
  m_PrefabInternal: {fileID: 100100000}
  serializedVersion: 4
  m_Component:
  - 4: {fileID: 428828}
  m_Layer: 0
  m_Name: group24
  m_TagString: Untagged
  m_Icon: {fileID: 0}
  m_NavMeshLayer: 0
  m_StaticEditorFlags: 4294967295
  m_IsActive: 1
--- !u!1 &196558
GameObject:
  m_ObjectHideFlags: 1
  m_PrefabParentObject: {fileID: 0}
  m_PrefabInternal: {fileID: 100100000}
  serializedVersion: 4
  m_Component:
  - 4: {fileID: 476892}
  - 33: {fileID: 3338910}
  - 23: {fileID: 2351016}
  m_Layer: 0
  m_Name: pasted__pasted__pasted__pasted__pasted__pasted__pCylinder2 1
  m_TagString: Untagged
  m_Icon: {fileID: 0}
  m_NavMeshLayer: 0
  m_StaticEditorFlags: 4294967295
  m_IsActive: 1
--- !u!1 &199076
GameObject:
  m_ObjectHideFlags: 1
  m_PrefabParentObject: {fileID: 0}
  m_PrefabInternal: {fileID: 100100000}
  serializedVersion: 4
  m_Component:
  - 4: {fileID: 441134}
  m_Layer: 0
  m_Name: Arbol_caidoV1
  m_TagString: Untagged
  m_Icon: {fileID: 0}
  m_NavMeshLayer: 0
  m_StaticEditorFlags: 4294967295
  m_IsActive: 1
--- !u!4 &402520
Transform:
  m_ObjectHideFlags: 1
  m_PrefabParentObject: {fileID: 0}
  m_PrefabInternal: {fileID: 100100000}
  m_GameObject: {fileID: 185046}
  m_LocalRotation: {x: 0, y: 0, z: 0, w: 1}
  m_LocalPosition: {x: -146.43007, y: -473.8319, z: -45.941067}
  m_LocalScale: {x: 1, y: 1, z: 1}
  m_Children:
  - {fileID: 438294}
  m_Father: {fileID: 424190}
  m_RootOrder: 0
--- !u!4 &402712
Transform:
  m_ObjectHideFlags: 1
  m_PrefabParentObject: {fileID: 0}
  m_PrefabInternal: {fileID: 100100000}
  m_GameObject: {fileID: 124948}
  m_LocalRotation: {x: -0.30511823, y: 0.36506116, z: 0.028636826, w: 0.87909794}
  m_LocalPosition: {x: 7.1054274e-15, y: -1.1368684e-13, z: -1.9895197e-13}
  m_LocalScale: {x: 1, y: 1, z: 1}
  m_Children: []
  m_Father: {fileID: 461292}
  m_RootOrder: 0
--- !u!4 &406552
Transform:
  m_ObjectHideFlags: 1
  m_PrefabParentObject: {fileID: 0}
  m_PrefabInternal: {fileID: 100100000}
  m_GameObject: {fileID: 132694}
  m_LocalRotation: {x: -0.07978712, y: 0.8242733, z: 0.12011661, w: 0.5475213}
  m_LocalPosition: {x: 175.96353, y: 581.1944, z: 44.264736}
  m_LocalScale: {x: 1, y: 1, z: 1}
  m_Children:
  - {fileID: 432682}
  m_Father: {fileID: 482094}
  m_RootOrder: 0
--- !u!4 &406672
Transform:
  m_ObjectHideFlags: 1
  m_PrefabParentObject: {fileID: 0}
  m_PrefabInternal: {fileID: 100100000}
  m_GameObject: {fileID: 155962}
  m_LocalRotation: {x: 0.75174505, y: 0.63196063, z: -0.14423348, w: -0.121251054}
  m_LocalPosition: {x: -334.71964, y: 189.50111, z: 985.0663}
  m_LocalScale: {x: 1, y: 1, z: 1}
  m_Children:
  - {fileID: 424190}
  m_Father: {fileID: 406954}
  m_RootOrder: 0
--- !u!4 &406954
Transform:
  m_ObjectHideFlags: 1
  m_PrefabParentObject: {fileID: 0}
  m_PrefabInternal: {fileID: 100100000}
  m_GameObject: {fileID: 119472}
  m_LocalRotation: {x: 0, y: 0, z: 0, w: 1}
  m_LocalPosition: {x: 227.09781, y: -145.22502, z: -1008.41956}
  m_LocalScale: {x: 1, y: 1, z: 1}
  m_Children:
  - {fileID: 406672}
  m_Father: {fileID: 447672}
  m_RootOrder: 0
--- !u!4 &408842
Transform:
  m_ObjectHideFlags: 1
  m_PrefabParentObject: {fileID: 0}
  m_PrefabInternal: {fileID: 100100000}
  m_GameObject: {fileID: 109254}
  m_LocalRotation: {x: 0, y: 0, z: 0, w: 1}
  m_LocalPosition: {x: 0, y: 0, z: 0}
  m_LocalScale: {x: 1, y: 1, z: 1}
  m_Children:
  - {fileID: 457380}
  m_Father: {fileID: 483710}
  m_RootOrder: 0
--- !u!4 &411026
Transform:
  m_ObjectHideFlags: 1
  m_PrefabParentObject: {fileID: 0}
  m_PrefabInternal: {fileID: 100100000}
  m_GameObject: {fileID: 185122}
  m_LocalRotation: {x: 0, y: 0, z: 0, w: 1}
  m_LocalPosition: {x: -1.450316, y: -151.97931, z: -313.84146}
  m_LocalScale: {x: 1, y: 1, z: 1}
  m_Children: []
  m_Father: {fileID: 428408}
  m_RootOrder: 0
--- !u!4 &412086
Transform:
  m_ObjectHideFlags: 1
  m_PrefabParentObject: {fileID: 0}
  m_PrefabInternal: {fileID: 100100000}
  m_GameObject: {fileID: 162034}
  m_LocalRotation: {x: -0.230734, y: 0.39488602, z: 0.7678202, w: -0.44864142}
  m_LocalPosition: {x: -118.35535, y: 142.58746, z: 108.90023}
  m_LocalScale: {x: 1, y: 1, z: 1}
  m_Children:
  - {fileID: 435686}
  m_Father: {fileID: 475048}
  m_RootOrder: 2
--- !u!4 &424190
Transform:
  m_ObjectHideFlags: 1
  m_PrefabParentObject: {fileID: 0}
  m_PrefabInternal: {fileID: 100100000}
  m_GameObject: {fileID: 171860}
  m_LocalRotation: {x: -0.7881525, y: 0, z: -0, w: 0.61548007}
  m_LocalPosition: {x: 38.264633, y: 41.583553, z: 0}
  m_LocalScale: {x: 1, y: 1, z: 1}
  m_Children:
  - {fileID: 402520}
  m_Father: {fileID: 406672}
  m_RootOrder: 0
--- !u!4 &424822
Transform:
  m_ObjectHideFlags: 1
  m_PrefabParentObject: {fileID: 0}
  m_PrefabInternal: {fileID: 100100000}
  m_GameObject: {fileID: 103454}
  m_LocalRotation: {x: 0, y: 0, z: 0, w: 1}
  m_LocalPosition: {x: -146.43007, y: -473.8319, z: -45.941067}
  m_LocalScale: {x: 1, y: 1, z: 1}
  m_Children:
  - {fileID: 477832}
  m_Father: {fileID: 473784}
  m_RootOrder: 0
--- !u!4 &424902
Transform:
  m_ObjectHideFlags: 1
  m_PrefabParentObject: {fileID: 0}
  m_PrefabInternal: {fileID: 100100000}
  m_GameObject: {fileID: 132622}
  m_LocalRotation: {x: 0.87523925, y: -0.11347181, z: -0.4662895, w: -0.06045286}
  m_LocalPosition: {x: 318.27994, y: -264.78482, z: -191.4107}
  m_LocalScale: {x: 0.7099022, y: 0.7099022, z: 0.7099022}
  m_Children: []
  m_Father: {fileID: 453504}
  m_RootOrder: 0
--- !u!4 &428408
Transform:
  m_ObjectHideFlags: 1
  m_PrefabParentObject: {fileID: 0}
  m_PrefabInternal: {fileID: 100100000}
  m_GameObject: {fileID: 117832}
  m_LocalRotation: {x: 0, y: 0, z: 0, w: 1}
  m_LocalPosition: {x: 39.048504, y: -367.745, z: 2.7240548}
  m_LocalScale: {x: 1, y: 1, z: 1}
  m_Children:
  - {fileID: 411026}
  m_Father: {fileID: 428828}
  m_RootOrder: 0
--- !u!4 &428828
Transform:
  m_ObjectHideFlags: 1
  m_PrefabParentObject: {fileID: 0}
  m_PrefabInternal: {fileID: 100100000}
  m_GameObject: {fileID: 193774}
  m_LocalRotation: {x: 0, y: 0, z: -0.7103476, w: 0.70385104}
  m_LocalPosition: {x: -271.74857, y: 93.935005, z: 1067.1436}
  m_LocalScale: {x: 1, y: 1, z: 1}
  m_Children:
  - {fileID: 428408}
  m_Father: {fileID: 441134}
  m_RootOrder: 0
--- !u!4 &432682
Transform:
  m_ObjectHideFlags: 1
  m_PrefabParentObject: {fileID: 0}
  m_PrefabInternal: {fileID: 100100000}
  m_GameObject: {fileID: 116134}
  m_LocalRotation: {x: -0.30511823, y: 0.36506116, z: 0.028636826, w: 0.87909794}
  m_LocalPosition: {x: 7.1054274e-15, y: -1.1368684e-13, z: -1.9895197e-13}
  m_LocalScale: {x: 1, y: 1, z: 1}
  m_Children:
  - {fileID: 476892}
  m_Father: {fileID: 406552}
  m_RootOrder: 0
--- !u!4 &435686
Transform:
  m_ObjectHideFlags: 1
  m_PrefabParentObject: {fileID: 0}
  m_PrefabInternal: {fileID: 100100000}
  m_GameObject: {fileID: 164842}
  m_LocalRotation: {x: 0, y: 0, z: 0, w: 1}
  m_LocalPosition: {x: -530.2121, y: -174.5087, z: -734.541}
  m_LocalScale: {x: 1, y: 1, z: 1}
  m_Children:
  - {fileID: 492932}
  m_Father: {fileID: 412086}
  m_RootOrder: 0
--- !u!4 &437250
Transform:
  m_ObjectHideFlags: 1
  m_PrefabParentObject: {fileID: 0}
  m_PrefabInternal: {fileID: 100100000}
  m_GameObject: {fileID: 111408}
  m_LocalRotation: {x: 0, y: 0, z: 0, w: 1}
  m_LocalPosition: {x: -146.43007, y: -473.8319, z: -45.941067}
  m_LocalScale: {x: 1, y: 1, z: 1}
  m_Children:
  - {fileID: 461292}
  m_Father: {fileID: 452274}
  m_RootOrder: 0
--- !u!4 &438294
Transform:
  m_ObjectHideFlags: 1
  m_PrefabParentObject: {fileID: 0}
  m_PrefabInternal: {fileID: 100100000}
  m_GameObject: {fileID: 182954}
  m_LocalRotation: {x: -0.07978712, y: 0.8242733, z: 0.12011661, w: 0.5475213}
  m_LocalPosition: {x: 175.96353, y: 581.1944, z: 44.264736}
  m_LocalScale: {x: 1, y: 1, z: 1}
  m_Children:
  - {fileID: 453504}
  m_Father: {fileID: 402520}
  m_RootOrder: 0
--- !u!4 &438944
Transform:
  m_ObjectHideFlags: 1
  m_PrefabParentObject: {fileID: 0}
  m_PrefabInternal: {fileID: 100100000}
  m_GameObject: {fileID: 139026}
  m_LocalRotation: {x: 0.75174505, y: 0.63196063, z: -0.14423348, w: -0.121251054}
  m_LocalPosition: {x: -334.71964, y: 189.50111, z: 985.0663}
  m_LocalScale: {x: 1, y: 1, z: 1}
  m_Children:
  - {fileID: 473784}
  m_Father: {fileID: 441134}
  m_RootOrder: 2
--- !u!4 &441134
Transform:
  m_ObjectHideFlags: 1
  m_PrefabParentObject: {fileID: 0}
  m_PrefabInternal: {fileID: 100100000}
  m_GameObject: {fileID: 199076}
  m_LocalRotation: {x: 0, y: 0, z: 0, w: 1}
  m_LocalPosition: {x: 519.47797, y: 6.6197715, z: -760.6639}
  m_LocalScale: {x: 1, y: 1, z: 1}
  m_Children:
  - {fileID: 428828}
  - {fileID: 452274}
  - {fileID: 438944}
  m_Father: {fileID: 475048}
  m_RootOrder: 0
--- !u!4 &447044
Transform:
  m_ObjectHideFlags: 1
  m_PrefabParentObject: {fileID: 0}
  m_PrefabInternal: {fileID: 100100000}
  m_GameObject: {fileID: 120942}
  m_LocalRotation: {x: 0, y: 0, z: 0, w: 1}
  m_LocalPosition: {x: 227.09781, y: -145.22502, z: -1008.41956}
  m_LocalScale: {x: 1, y: 1, z: 1}
  m_Children:
  - {fileID: 465138}
  m_Father: {fileID: 457380}
  m_RootOrder: 0
--- !u!4 &447672
Transform:
  m_ObjectHideFlags: 1
  m_PrefabParentObject: {fileID: 0}
  m_PrefabInternal: {fileID: 100100000}
  m_GameObject: {fileID: 134302}
  m_LocalRotation: {x: 0, y: 0, z: 0, w: 1}
  m_LocalPosition: {x: 884.4595, y: 145.22502, z: 1008.41956}
  m_LocalScale: {x: 1, y: 1, z: 1}
  m_Children:
  - {fileID: 406954}
  m_Father: {fileID: 492932}
  m_RootOrder: 0
--- !u!4 &452274
Transform:
  m_ObjectHideFlags: 1
  m_PrefabParentObject: {fileID: 0}
  m_PrefabInternal: {fileID: 100100000}
  m_GameObject: {fileID: 111978}
  m_LocalRotation: {x: -0.7881525, y: 0, z: -0, w: 0.61548007}
  m_LocalPosition: {x: 61.6349, y: 104.8944, z: 1157.0992}
  m_LocalScale: {x: 1, y: 1, z: 1}
  m_Children:
  - {fileID: 437250}
  m_Father: {fileID: 441134}
  m_RootOrder: 1
--- !u!4 &453504
Transform:
  m_ObjectHideFlags: 1
  m_PrefabParentObject: {fileID: 0}
  m_PrefabInternal: {fileID: 100100000}
  m_GameObject: {fileID: 185060}
  m_LocalRotation: {x: -0.30511823, y: 0.36506116, z: 0.028636826, w: 0.87909794}
  m_LocalPosition: {x: 7.1054274e-15, y: -1.1368684e-13, z: -1.9895197e-13}
  m_LocalScale: {x: 1, y: 1, z: 1}
  m_Children:
  - {fileID: 424902}
  m_Father: {fileID: 438294}
  m_RootOrder: 0
--- !u!4 &457380
Transform:
  m_ObjectHideFlags: 1
  m_PrefabParentObject: {fileID: 0}
  m_PrefabInternal: {fileID: 100100000}
  m_GameObject: {fileID: 176430}
  m_LocalRotation: {x: 0, y: 0, z: 0, w: 1}
  m_LocalPosition: {x: 884.4595, y: 145.22502, z: 1008.41956}
  m_LocalScale: {x: 1, y: 1, z: 1}
  m_Children:
  - {fileID: 447044}
  m_Father: {fileID: 408842}
  m_RootOrder: 0
--- !u!4 &461292
Transform:
  m_ObjectHideFlags: 1
  m_PrefabParentObject: {fileID: 0}
  m_PrefabInternal: {fileID: 100100000}
  m_GameObject: {fileID: 189924}
  m_LocalRotation: {x: -0.07978712, y: 0.8242733, z: 0.12011661, w: 0.5475213}
  m_LocalPosition: {x: 175.96353, y: 581.1944, z: 44.264736}
  m_LocalScale: {x: 1, y: 1, z: 1}
  m_Children:
  - {fileID: 402712}
  m_Father: {fileID: 437250}
  m_RootOrder: 0
--- !u!4 &465138
Transform:
  m_ObjectHideFlags: 1
  m_PrefabParentObject: {fileID: 0}
  m_PrefabInternal: {fileID: 100100000}
  m_GameObject: {fileID: 104930}
  m_LocalRotation: {x: 0.75174505, y: 0.63196063, z: -0.14423348, w: -0.121251054}
  m_LocalPosition: {x: -334.71964, y: 189.50111, z: 985.0663}
  m_LocalScale: {x: 1, y: 1, z: 1}
  m_Children:
  - {fileID: 489060}
  m_Father: {fileID: 447044}
  m_RootOrder: 0
--- !u!4 &466902
Transform:
  m_ObjectHideFlags: 1
  m_PrefabParentObject: {fileID: 0}
  m_PrefabInternal: {fileID: 100100000}
  m_GameObject: {fileID: 185634}
  m_LocalRotation: {x: -0.30511823, y: 0.36506116, z: 0.028636826, w: 0.87909794}
  m_LocalPosition: {x: 7.1054274e-15, y: -1.1368684e-13, z: -1.9895197e-13}
  m_LocalScale: {x: 1, y: 1, z: 1}
  m_Children: []
  m_Father: {fileID: 477832}
  m_RootOrder: 0
--- !u!4 &470700
Transform:
  m_ObjectHideFlags: 1
  m_PrefabParentObject: {fileID: 0}
  m_PrefabInternal: {fileID: 100100000}
  m_GameObject: {fileID: 148836}
  m_LocalRotation: {x: -0.68469566, y: 0, z: -0, w: 0.7288291}
  m_LocalPosition: {x: 209.97923, y: 181.12846, z: -26.122894}
  m_LocalScale: {x: 1, y: 1, z: 1}
  m_Children:
  - {fileID: 483710}
  m_Father: {fileID: 475048}
  m_RootOrder: 1
--- !u!4 &473784
Transform:
  m_ObjectHideFlags: 1
  m_PrefabParentObject: {fileID: 0}
  m_PrefabInternal: {fileID: 100100000}
  m_GameObject: {fileID: 135840}
  m_LocalRotation: {x: -0.7881525, y: 0, z: -0, w: 0.61548007}
  m_LocalPosition: {x: 38.264633, y: 41.583553, z: 0}
  m_LocalScale: {x: 1, y: 1, z: 1}
  m_Children:
  - {fileID: 424822}
  m_Father: {fileID: 438944}
  m_RootOrder: 0
--- !u!4 &475048
Transform:
  m_ObjectHideFlags: 1
  m_PrefabParentObject: {fileID: 0}
  m_PrefabInternal: {fileID: 100100000}
  m_GameObject: {fileID: 184948}
  m_LocalRotation: {x: 0, y: 0, z: 0, w: 1}
  m_LocalPosition: {x: 0, y: 0, z: 0}
  m_LocalScale: {x: 0.01, y: 0.01, z: 0.01}
  m_Children:
  - {fileID: 441134}
  - {fileID: 470700}
  - {fileID: 412086}
  m_Father: {fileID: 499832}
  m_RootOrder: 0
--- !u!4 &476892
Transform:
  m_ObjectHideFlags: 1
  m_PrefabParentObject: {fileID: 0}
  m_PrefabInternal: {fileID: 100100000}
  m_GameObject: {fileID: 196558}
  m_LocalRotation: {x: 0.87523925, y: -0.11347181, z: -0.4662895, w: -0.06045286}
  m_LocalPosition: {x: 264.3219, y: -358.10986, z: -201.82227}
  m_LocalScale: {x: 0.7099022, y: 0.7099022, z: 0.7099022}
  m_Children: []
  m_Father: {fileID: 432682}
  m_RootOrder: 0
--- !u!4 &477832
Transform:
  m_ObjectHideFlags: 1
  m_PrefabParentObject: {fileID: 0}
  m_PrefabInternal: {fileID: 100100000}
  m_GameObject: {fileID: 185568}
  m_LocalRotation: {x: -0.07978712, y: 0.8242733, z: 0.12011661, w: 0.5475213}
  m_LocalPosition: {x: 175.96353, y: 581.1944, z: 44.264736}
  m_LocalScale: {x: 1, y: 1, z: 1}
  m_Children:
  - {fileID: 466902}
  m_Father: {fileID: 424822}
  m_RootOrder: 0
--- !u!4 &482094
Transform:
  m_ObjectHideFlags: 1
  m_PrefabParentObject: {fileID: 0}
  m_PrefabInternal: {fileID: 100100000}
  m_GameObject: {fileID: 123980}
  m_LocalRotation: {x: 0, y: 0, z: 0, w: 1}
  m_LocalPosition: {x: -146.43007, y: -473.8319, z: -45.941067}
  m_LocalScale: {x: 1, y: 1, z: 1}
  m_Children:
  - {fileID: 406552}
  m_Father: {fileID: 489060}
  m_RootOrder: 0
--- !u!4 &483710
Transform:
  m_ObjectHideFlags: 1
  m_PrefabParentObject: {fileID: 0}
  m_PrefabInternal: {fileID: 100100000}
  m_GameObject: {fileID: 170214}
  m_LocalRotation: {x: 0, y: 0, z: 0, w: 1}
  m_LocalPosition: {x: -530.2121, y: -174.5087, z: -734.541}
  m_LocalScale: {x: 1, y: 1, z: 1}
  m_Children:
  - {fileID: 408842}
  m_Father: {fileID: 470700}
  m_RootOrder: 0
--- !u!4 &489060
Transform:
  m_ObjectHideFlags: 1
  m_PrefabParentObject: {fileID: 0}
  m_PrefabInternal: {fileID: 100100000}
  m_GameObject: {fileID: 191948}
  m_LocalRotation: {x: -0.7881525, y: 0, z: -0, w: 0.61548007}
  m_LocalPosition: {x: 38.264633, y: 41.583553, z: 0}
  m_LocalScale: {x: 1, y: 1, z: 1}
  m_Children:
  - {fileID: 482094}
  m_Father: {fileID: 465138}
  m_RootOrder: 0
--- !u!4 &492932
Transform:
  m_ObjectHideFlags: 1
  m_PrefabParentObject: {fileID: 0}
  m_PrefabInternal: {fileID: 100100000}
  m_GameObject: {fileID: 114682}
  m_LocalRotation: {x: 0, y: 0, z: 0, w: 1}
  m_LocalPosition: {x: 0, y: 0, z: 0}
  m_LocalScale: {x: 1, y: 1, z: 1}
  m_Children:
  - {fileID: 447672}
  m_Father: {fileID: 435686}
  m_RootOrder: 0
--- !u!4 &499832
Transform:
  m_ObjectHideFlags: 1
  m_PrefabParentObject: {fileID: 0}
  m_PrefabInternal: {fileID: 100100000}
  m_GameObject: {fileID: 128354}
  m_LocalRotation: {x: 0, y: 0, z: 0, w: 1}
  m_LocalPosition: {x: 65.15466, y: -1.5, z: 162.47797}
  m_LocalScale: {x: 1, y: 1, z: 1}
  m_Children:
  - {fileID: 475048}
  m_Father: {fileID: 0}
  m_RootOrder: 0
--- !u!23 &2327446
MeshRenderer:
  m_ObjectHideFlags: 1
  m_PrefabParentObject: {fileID: 0}
  m_PrefabInternal: {fileID: 100100000}
  m_GameObject: {fileID: 132622}
  m_Enabled: 1
  m_CastShadows: 1
  m_ReceiveShadows: 1
  m_Materials:
  - {fileID: 2100000, guid: 7499f4a954d1d714d9b4dce1ec99ebdb, type: 2}
  m_SubsetIndices: 
  m_StaticBatchRoot: {fileID: 0}
  m_UseLightProbes: 1
  m_ReflectionProbeUsage: 1
  m_ProbeAnchor: {fileID: 0}
  m_ScaleInLightmap: 1
  m_PreserveUVs: 0
  m_IgnoreNormalsForChartDetection: 0
  m_ImportantGI: 0
  m_MinimumChartSize: 4
  m_AutoUVMaxDistance: 0.5
  m_AutoUVMaxAngle: 89
  m_LightmapParameters: {fileID: 0}
  m_SortingLayerID: 0
  m_SortingOrder: 0
--- !u!23 &2332880
MeshRenderer:
  m_ObjectHideFlags: 1
  m_PrefabParentObject: {fileID: 0}
  m_PrefabInternal: {fileID: 100100000}
  m_GameObject: {fileID: 185122}
  m_Enabled: 1
  m_CastShadows: 1
  m_ReceiveShadows: 1
  m_Materials:
  - {fileID: 2100000, guid: 7499f4a954d1d714d9b4dce1ec99ebdb, type: 2}
  m_SubsetIndices: 
  m_StaticBatchRoot: {fileID: 0}
  m_UseLightProbes: 1
  m_ReflectionProbeUsage: 1
  m_ProbeAnchor: {fileID: 0}
  m_ScaleInLightmap: 1
  m_PreserveUVs: 0
  m_IgnoreNormalsForChartDetection: 0
  m_ImportantGI: 0
  m_MinimumChartSize: 4
  m_AutoUVMaxDistance: 0.5
  m_AutoUVMaxAngle: 89
  m_LightmapParameters: {fileID: 0}
  m_SortingLayerID: 0
  m_SortingOrder: 0
--- !u!23 &2351016
MeshRenderer:
  m_ObjectHideFlags: 1
  m_PrefabParentObject: {fileID: 0}
  m_PrefabInternal: {fileID: 100100000}
  m_GameObject: {fileID: 196558}
  m_Enabled: 1
  m_CastShadows: 1
  m_ReceiveShadows: 1
  m_Materials:
  - {fileID: 2100000, guid: 7499f4a954d1d714d9b4dce1ec99ebdb, type: 2}
  m_SubsetIndices: 
  m_StaticBatchRoot: {fileID: 0}
  m_UseLightProbes: 1
  m_ReflectionProbeUsage: 1
  m_ProbeAnchor: {fileID: 0}
  m_ScaleInLightmap: 1
  m_PreserveUVs: 0
  m_IgnoreNormalsForChartDetection: 0
  m_ImportantGI: 0
  m_MinimumChartSize: 4
  m_AutoUVMaxDistance: 0.5
  m_AutoUVMaxAngle: 89
  m_LightmapParameters: {fileID: 0}
  m_SortingLayerID: 0
  m_SortingOrder: 0
--- !u!33 &3327928
MeshFilter:
  m_ObjectHideFlags: 1
  m_PrefabParentObject: {fileID: 0}
  m_PrefabInternal: {fileID: 100100000}
  m_GameObject: {fileID: 132622}
  m_Mesh: {fileID: 4300078, guid: 3c928fd6ee11c9b48b2a9de39c742bb8, type: 3}
--- !u!33 &3338910
MeshFilter:
  m_ObjectHideFlags: 1
  m_PrefabParentObject: {fileID: 0}
  m_PrefabInternal: {fileID: 100100000}
  m_GameObject: {fileID: 196558}
  m_Mesh: {fileID: 4300080, guid: 3c928fd6ee11c9b48b2a9de39c742bb8, type: 3}
--- !u!33 &3387570
MeshFilter:
  m_ObjectHideFlags: 1
  m_PrefabParentObject: {fileID: 0}
  m_PrefabInternal: {fileID: 100100000}
  m_GameObject: {fileID: 185122}
  m_Mesh: {fileID: 4300082, guid: 3c928fd6ee11c9b48b2a9de39c742bb8, type: 3}
--- !u!65 &6515200
BoxCollider:
  m_ObjectHideFlags: 1
  m_PrefabParentObject: {fileID: 0}
  m_PrefabInternal: {fileID: 100100000}
  m_GameObject: {fileID: 128354}
  m_Material: {fileID: 0}
  m_IsTrigger: 1
  m_Enabled: 1
  serializedVersion: 2
  m_Size: {x: 8.29, y: 2.1376276, z: 4.22}
  m_Center: {x: 0, y: 1.0688138, z: 0}
--- !u!114 &11404776
MonoBehaviour:
  m_ObjectHideFlags: 1
  m_PrefabParentObject: {fileID: 0}
  m_PrefabInternal: {fileID: 100100000}
  m_GameObject: {fileID: 128354}
  m_Enabled: 1
  m_EditorHideFlags: 0
  m_Script: {fileID: 11500000, guid: c00d5186082e140488ae1e4733aa9eb3, type: 3}
  m_Name: 
  m_EditorClassIdentifier: 
  associatedPoint: {fileID: 0}
  alwaysVisible: 0
--- !u!114 &11432398
MonoBehaviour:
  m_ObjectHideFlags: 1
  m_PrefabParentObject: {fileID: 0}
  m_PrefabInternal: {fileID: 100100000}
  m_GameObject: {fileID: 128354}
  m_Enabled: 1
  m_EditorHideFlags: 0
  m_Script: {fileID: 11500000, guid: b54f63368496152458286845e8e5cac2, type: 3}
  m_Name: 
  m_EditorClassIdentifier: 
--- !u!1001 &100100000
Prefab:
  m_ObjectHideFlags: 1
  serializedVersion: 2
  m_Modification:
    m_TransformParent: {fileID: 0}
    m_Modifications: []
    m_RemovedComponents: []
  m_ParentPrefab: {fileID: 0}
  m_RootGameObject: {fileID: 128354}
  m_IsPrefabParent: 1
