%YAML 1.1
%TAG !u! tag:unity3d.com,2011:
--- !u!1 &128224
GameObject:
  m_ObjectHideFlags: 0
  m_PrefabParentObject: {fileID: 0}
  m_PrefabInternal: {fileID: 100100000}
  serializedVersion: 4
  m_Component:
  - 4: {fileID: 416822}
  - 65: {fileID: 6552300}
  - 114: {fileID: 11420550}
  m_Layer: 0
  m_Name: ControlArea
  m_TagString: Untagged
  m_Icon: {fileID: 0}
  m_NavMeshLayer: 0
  m_StaticEditorFlags: 0
  m_IsActive: 0
--- !u!1 &166634
GameObject:
  m_ObjectHideFlags: 0
  m_PrefabParentObject: {fileID: 0}
  m_PrefabInternal: {fileID: 100100000}
  serializedVersion: 4
  m_Component:
  - 4: {fileID: 413982}
  - 65: {fileID: 6537518}
  - 114: {fileID: 11446030}
  m_Layer: 0
  m_Name: RotationArea
  m_TagString: Untagged
  m_Icon: {fileID: 0}
  m_NavMeshLayer: 0
  m_StaticEditorFlags: 0
  m_IsActive: 1
--- !u!4 &413982
Transform:
  m_ObjectHideFlags: 1
  m_PrefabParentObject: {fileID: 0}
  m_PrefabInternal: {fileID: 100100000}
  m_GameObject: {fileID: 166634}
  m_LocalRotation: {x: 0, y: 0, z: 0, w: 1}
  m_LocalPosition: {x: -29, y: 0, z: 43}
  m_LocalScale: {x: 1, y: 1, z: 1}
  m_Children:
  - {fileID: 416822}
  m_Father: {fileID: 0}
  m_RootOrder: 0
--- !u!4 &416822
Transform:
  m_ObjectHideFlags: 1
  m_PrefabParentObject: {fileID: 0}
  m_PrefabInternal: {fileID: 100100000}
  m_GameObject: {fileID: 128224}
  m_LocalRotation: {x: 0, y: 0, z: 0, w: 1}
  m_LocalPosition: {x: 0, y: 0, z: 0}
  m_LocalScale: {x: 1, y: 1, z: 1}
  m_Children: []
  m_Father: {fileID: 413982}
  m_RootOrder: 0
--- !u!65 &6537518
BoxCollider:
  m_ObjectHideFlags: 1
  m_PrefabParentObject: {fileID: 0}
  m_PrefabInternal: {fileID: 100100000}
  m_GameObject: {fileID: 166634}
  m_Material: {fileID: 0}
  m_IsTrigger: 1
  m_Enabled: 1
  serializedVersion: 2
  m_Size: {x: 10, y: 10, z: 0.2}
  m_Center: {x: 0, y: 0, z: 0.1}
--- !u!65 &6552300
BoxCollider:
  m_ObjectHideFlags: 1
  m_PrefabParentObject: {fileID: 0}
  m_PrefabInternal: {fileID: 100100000}
  m_GameObject: {fileID: 128224}
  m_Material: {fileID: 0}
  m_IsTrigger: 1
  m_Enabled: 0
  serializedVersion: 2
  m_Size: {x: 10, y: 10, z: 2}
  m_Center: {x: 0, y: 0, z: -1}
--- !u!114 &11420550
MonoBehaviour:
  m_ObjectHideFlags: 1
  m_PrefabParentObject: {fileID: 0}
  m_PrefabInternal: {fileID: 100100000}
  m_GameObject: {fileID: 128224}
  m_Enabled: 0
  m_EditorHideFlags: 0
  m_Script: {fileID: 11500000, guid: d510a5e32c37b2646925341d57ba1de4, type: 3}
  m_Name: 
  m_EditorClassIdentifier: 
--- !u!114 &11446030
MonoBehaviour:
  m_ObjectHideFlags: 1
  m_PrefabParentObject: {fileID: 0}
  m_PrefabInternal: {fileID: 100100000}
  m_GameObject: {fileID: 166634}
  m_Enabled: 1
  m_EditorHideFlags: 0
  m_Script: {fileID: 11500000, guid: 68b7b9e17bf5bfa499774d261eee5a4a, type: 3}
  m_Name: 
  m_EditorClassIdentifier: 
  roadPoint: {fileID: 0}
  pivot: {x: 0, y: 0, z: 0}
  rotationAngle: 0
  axis: 1
  turnDirection: 0
  entered: 0
  actualAxis: {x: 0, y: 0, z: 0}
  finalRotation: {x: 0, y: 0, z: 0, w: 0}
--- !u!1001 &100100000
Prefab:
  m_ObjectHideFlags: 1
  serializedVersion: 2
  m_Modification:
    m_TransformParent: {fileID: 0}
    m_Modifications: []
    m_RemovedComponents: []
  m_ParentPrefab: {fileID: 0}
  m_RootGameObject: {fileID: 166634}
  m_IsPrefabParent: 1
