%YAML 1.1
%TAG !u! tag:unity3d.com,2011:
--- !u!1 &109070
GameObject:
  m_ObjectHideFlags: 1
  m_PrefabParentObject: {fileID: 0}
  m_PrefabInternal: {fileID: 100100000}
  serializedVersion: 4
  m_Component:
  - 4: {fileID: 427100}
  - 65: {fileID: 6592388}
  m_Layer: 0
  m_Name: Col1 (3)
  m_TagString: Untagged
  m_Icon: {fileID: 0}
  m_NavMeshLayer: 0
  m_StaticEditorFlags: 0
  m_IsActive: 1
--- !u!1 &111356
GameObject:
  m_ObjectHideFlags: 1
  m_PrefabParentObject: {fileID: 0}
  m_PrefabInternal: {fileID: 100100000}
  serializedVersion: 4
  m_Component:
  - 4: {fileID: 446616}
  - 65: {fileID: 6511264}
  m_Layer: 0
  m_Name: Col1 (4)
  m_TagString: Untagged
  m_Icon: {fileID: 0}
  m_NavMeshLayer: 0
  m_StaticEditorFlags: 0
  m_IsActive: 1
--- !u!1 &116740
GameObject:
  m_ObjectHideFlags: 1
  m_PrefabParentObject: {fileID: 0}
  m_PrefabInternal: {fileID: 100100000}
  serializedVersion: 4
  m_Component:
  - 4: {fileID: 481428}
  - 65: {fileID: 6556014}
  m_Layer: 0
  m_Name: Col1 (1)
  m_TagString: Untagged
  m_Icon: {fileID: 0}
  m_NavMeshLayer: 0
  m_StaticEditorFlags: 0
  m_IsActive: 1
--- !u!1 &135650
GameObject:
  m_ObjectHideFlags: 1
  m_PrefabParentObject: {fileID: 0}
  m_PrefabInternal: {fileID: 100100000}
  serializedVersion: 4
  m_Component:
  - 4: {fileID: 463604}
  - 119: {fileID: 11962250}
  m_Layer: 0
  m_Name: Projector
  m_TagString: Untagged
  m_Icon: {fileID: 0}
  m_NavMeshLayer: 0
  m_StaticEditorFlags: 0
  m_IsActive: 1
--- !u!1 &144654
GameObject:
  m_ObjectHideFlags: 0
  m_PrefabParentObject: {fileID: 0}
  m_PrefabInternal: {fileID: 100100000}
  serializedVersion: 4
  m_Component:
  - 4: {fileID: 431256}
  - 33: {fileID: 3330304}
  - 23: {fileID: 2340174}
  m_Layer: 0
  m_Name: Graphics
  m_TagString: Untagged
  m_Icon: {fileID: 0}
  m_NavMeshLayer: 0
  m_StaticEditorFlags: 0
  m_IsActive: 1
--- !u!1 &152828
GameObject:
  m_ObjectHideFlags: 0
  m_PrefabParentObject: {fileID: 0}
  m_PrefabInternal: {fileID: 100100000}
  serializedVersion: 4
  m_Component:
  - 4: {fileID: 466490}
  - 65: {fileID: 6529566}
  - 114: {fileID: 11491882}
  - 114: {fileID: 11416390}
  - 114: {fileID: 11469944}
  m_Layer: 0
  m_Name: Iceberg6
  m_TagString: Untagged
  m_Icon: {fileID: 0}
  m_NavMeshLayer: 0
  m_StaticEditorFlags: 0
  m_IsActive: 1
--- !u!1 &174474
GameObject:
  m_ObjectHideFlags: 1
  m_PrefabParentObject: {fileID: 0}
  m_PrefabInternal: {fileID: 100100000}
  serializedVersion: 4
  m_Component:
  - 4: {fileID: 457650}
  - 65: {fileID: 6530304}
  m_Layer: 0
  m_Name: Col1 (2)
  m_TagString: Untagged
  m_Icon: {fileID: 0}
  m_NavMeshLayer: 0
  m_StaticEditorFlags: 0
  m_IsActive: 1
--- !u!1 &174928
GameObject:
  m_ObjectHideFlags: 1
  m_PrefabParentObject: {fileID: 0}
  m_PrefabInternal: {fileID: 100100000}
  serializedVersion: 4
  m_Component:
  - 4: {fileID: 415586}
  - 65: {fileID: 6555342}
  m_Layer: 0
  m_Name: Col1 (5)
  m_TagString: Untagged
  m_Icon: {fileID: 0}
  m_NavMeshLayer: 0
  m_StaticEditorFlags: 0
  m_IsActive: 1
--- !u!1 &182072
GameObject:
  m_ObjectHideFlags: 1
  m_PrefabParentObject: {fileID: 0}
  m_PrefabInternal: {fileID: 100100000}
  serializedVersion: 4
  m_Component:
  - 4: {fileID: 491056}
  - 65: {fileID: 6517340}
  m_Layer: 0
  m_Name: Col1 (6)
  m_TagString: Untagged
  m_Icon: {fileID: 0}
  m_NavMeshLayer: 0
  m_StaticEditorFlags: 0
  m_IsActive: 1
--- !u!1 &193472
GameObject:
  m_ObjectHideFlags: 1
  m_PrefabParentObject: {fileID: 0}
  m_PrefabInternal: {fileID: 100100000}
  serializedVersion: 4
  m_Component:
  - 4: {fileID: 409992}
  - 65: {fileID: 6552238}
  m_Layer: 0
  m_Name: Col1
  m_TagString: Untagged
  m_Icon: {fileID: 0}
  m_NavMeshLayer: 0
  m_StaticEditorFlags: 0
  m_IsActive: 1
--- !u!1 &195284
GameObject:
  m_ObjectHideFlags: 0
  m_PrefabParentObject: {fileID: 0}
  m_PrefabInternal: {fileID: 100100000}
  serializedVersion: 4
  m_Component:
  - 4: {fileID: 487372}
  m_Layer: 0
  m_Name: Colliders
  m_TagString: Untagged
  m_Icon: {fileID: 0}
  m_NavMeshLayer: 0
  m_StaticEditorFlags: 0
  m_IsActive: 1
--- !u!4 &409992
Transform:
  m_ObjectHideFlags: 1
  m_PrefabParentObject: {fileID: 0}
  m_PrefabInternal: {fileID: 100100000}
  m_GameObject: {fileID: 193472}
  m_LocalRotation: {x: -0.0003448793, y: 0.0040873513, z: 0.052297123, w: 0.9986232}
  m_LocalPosition: {x: 0.09, y: -6.64, z: 0}
  m_LocalScale: {x: 1, y: 1, z: 1}
  m_LocalEulerAnglesHint: {x: 0, y: 0, z: 0}
  m_Children: []
  m_Father: {fileID: 487372}
  m_RootOrder: 0
--- !u!4 &415586
Transform:
  m_ObjectHideFlags: 1
  m_PrefabParentObject: {fileID: 0}
  m_PrefabInternal: {fileID: 100100000}
  m_GameObject: {fileID: 174928}
  m_LocalRotation: {x: 0.094807796, y: -0.21710674, z: -0.5282095, w: 0.8153962}
  m_LocalPosition: {x: 5.21, y: -0.18, z: 1.12}
  m_LocalScale: {x: 1, y: 1, z: 1}
  m_LocalEulerAnglesHint: {x: 0, y: 0, z: 0}
  m_Children: []
  m_Father: {fileID: 487372}
  m_RootOrder: 5
--- !u!4 &427100
Transform:
  m_ObjectHideFlags: 1
  m_PrefabParentObject: {fileID: 0}
  m_PrefabInternal: {fileID: 100100000}
  m_GameObject: {fileID: 109070}
  m_LocalRotation: {x: 0.00087779557, y: 0.0040068505, z: 0.3449285, w: 0.93862003}
  m_LocalPosition: {x: 2.44, y: -1.11, z: -2.1}
  m_LocalScale: {x: 1, y: 1, z: 1}
  m_LocalEulerAnglesHint: {x: 0, y: 0, z: 0}
  m_Children: []
  m_Father: {fileID: 487372}
  m_RootOrder: 3
--- !u!4 &431256
Transform:
  m_ObjectHideFlags: 1
  m_PrefabParentObject: {fileID: 0}
  m_PrefabInternal: {fileID: 100100000}
  m_GameObject: {fileID: 144654}
  m_LocalRotation: {x: 0, y: 0, z: 0, w: 1}
  m_LocalPosition: {x: 0, y: 0, z: 0}
  m_LocalScale: {x: 0.01, y: 0.01, z: 0.01}
  m_LocalEulerAnglesHint: {x: 0, y: 0, z: 0}
  m_Children:
  - {fileID: 463604}
  m_Father: {fileID: 466490}
  m_RootOrder: 1
--- !u!4 &446616
Transform:
  m_ObjectHideFlags: 1
  m_PrefabParentObject: {fileID: 0}
  m_PrefabInternal: {fileID: 100100000}
  m_GameObject: {fileID: 111356}
  m_LocalRotation: {x: 0.0389336, y: 0.27945933, z: -0.37216523, w: 0.8842396}
  m_LocalPosition: {x: 4.21, y: 2.11, z: -1.22}
  m_LocalScale: {x: 1, y: 1, z: 1}
  m_LocalEulerAnglesHint: {x: 0, y: 0, z: 0}
  m_Children: []
  m_Father: {fileID: 487372}
  m_RootOrder: 4
--- !u!4 &457650
Transform:
  m_ObjectHideFlags: 1
  m_PrefabParentObject: {fileID: 0}
  m_PrefabInternal: {fileID: 100100000}
  m_GameObject: {fileID: 174474}
  m_LocalRotation: {x: 0.0038508712, y: -0.07602321, z: 0.052156284, w: 0.9957336}
  m_LocalPosition: {x: 1.21, y: -6.51, z: 3.93}
  m_LocalScale: {x: 1, y: 1, z: 1}
  m_LocalEulerAnglesHint: {x: 0, y: 0, z: 0}
  m_Children: []
  m_Father: {fileID: 487372}
  m_RootOrder: 2
--- !u!4 &463604
Transform:
  m_ObjectHideFlags: 1
  m_PrefabParentObject: {fileID: 0}
  m_PrefabInternal: {fileID: 100100000}
  m_GameObject: {fileID: 135650}
  m_LocalRotation: {x: -0.5000002, y: -0.4999999, z: 0.49999982, w: -0.50000006}
  m_LocalPosition: {x: 0, y: 249, z: -23.999023}
  m_LocalScale: {x: 100, y: 100, z: 100}
  m_LocalEulerAnglesHint: {x: 0, y: 0, z: 0}
  m_Children: []
  m_Father: {fileID: 431256}
  m_RootOrder: 0
--- !u!4 &466490
Transform:
  m_ObjectHideFlags: 1
  m_PrefabParentObject: {fileID: 0}
  m_PrefabInternal: {fileID: 100100000}
  m_GameObject: {fileID: 152828}
  m_LocalRotation: {x: 0, y: 0, z: 0, w: 1}
  m_LocalPosition: {x: 19.3, y: -1.5, z: 346.4}
  m_LocalScale: {x: 1, y: 1, z: 1}
  m_LocalEulerAnglesHint: {x: 0, y: 0, z: 0}
  m_Children:
  - {fileID: 487372}
  - {fileID: 431256}
  m_Father: {fileID: 0}
  m_RootOrder: 0
--- !u!4 &481428
Transform:
  m_ObjectHideFlags: 1
  m_PrefabParentObject: {fileID: 0}
  m_PrefabInternal: {fileID: 100100000}
  m_GameObject: {fileID: 116740}
  m_LocalRotation: {x: -0.0059639476, y: 0.11139899, z: 0.051957097, w: 0.99239874}
  m_LocalPosition: {x: 0.47, y: -6.6, z: -0.17}
  m_LocalScale: {x: 1, y: 1, z: 1}
  m_LocalEulerAnglesHint: {x: 0, y: 0, z: 0}
  m_Children: []
  m_Father: {fileID: 487372}
  m_RootOrder: 1
--- !u!4 &487372
Transform:
  m_ObjectHideFlags: 1
  m_PrefabParentObject: {fileID: 0}
  m_PrefabInternal: {fileID: 100100000}
  m_GameObject: {fileID: 195284}
  m_LocalRotation: {x: 0, y: 0, z: 0, w: 1}
  m_LocalPosition: {x: 0, y: 0, z: 0}
  m_LocalScale: {x: 1, y: 1, z: 1}
  m_LocalEulerAnglesHint: {x: 0, y: 0, z: 0}
  m_Children:
  - {fileID: 409992}
  - {fileID: 481428}
  - {fileID: 457650}
  - {fileID: 427100}
  - {fileID: 446616}
  - {fileID: 415586}
  - {fileID: 491056}
  m_Father: {fileID: 466490}
  m_RootOrder: 0
--- !u!4 &491056
Transform:
  m_ObjectHideFlags: 1
  m_PrefabParentObject: {fileID: 0}
  m_PrefabInternal: {fileID: 100100000}
  m_GameObject: {fileID: 182072}
  m_LocalRotation: {x: -0.003285468, y: 0.15239316, z: -0.13740402, w: 0.9787164}
  m_LocalPosition: {x: -1.8499999, y: 7.5099983, z: -0.45999146}
  m_LocalScale: {x: 1, y: 1, z: 1}
  m_LocalEulerAnglesHint: {x: 0, y: 0, z: 0}
  m_Children: []
  m_Father: {fileID: 487372}
  m_RootOrder: 6
--- !u!23 &2340174
MeshRenderer:
  m_ObjectHideFlags: 1
  m_PrefabParentObject: {fileID: 0}
  m_PrefabInternal: {fileID: 100100000}
  m_GameObject: {fileID: 144654}
  m_Enabled: 1
  m_CastShadows: 1
  m_ReceiveShadows: 1
  m_MotionVectors: 1
  m_LightProbeUsage: 1
  m_ReflectionProbeUsage: 1
  m_Materials:
  - {fileID: 2100000, guid: 79d6efdd01eca25428d30ef8c7121265, type: 2}
  m_SubsetIndices: 
  m_StaticBatchRoot: {fileID: 0}
  m_ProbeAnchor: {fileID: 0}
  m_LightProbeVolumeOverride: {fileID: 0}
  m_ScaleInLightmap: 1
  m_PreserveUVs: 0
  m_IgnoreNormalsForChartDetection: 0
  m_ImportantGI: 0
  m_SelectedWireframeHidden: 0
  m_MinimumChartSize: 4
  m_AutoUVMaxDistance: 0.5
  m_AutoUVMaxAngle: 89
  m_LightmapParameters: {fileID: 0}
  m_SortingLayerID: 0
  m_SortingOrder: 0
--- !u!33 &3330304
MeshFilter:
  m_ObjectHideFlags: 1
  m_PrefabParentObject: {fileID: 0}
  m_PrefabInternal: {fileID: 100100000}
  m_GameObject: {fileID: 144654}
  m_Mesh: {fileID: 4300014, guid: 7b2788b00571667449eb25e793bda9d3, type: 3}
--- !u!65 &6511264
BoxCollider:
  m_ObjectHideFlags: 1
  m_PrefabParentObject: {fileID: 0}
  m_PrefabInternal: {fileID: 100100000}
  m_GameObject: {fileID: 111356}
  m_Material: {fileID: 0}
  m_IsTrigger: 1
  m_Enabled: 1
  serializedVersion: 2
  m_Size: {x: 11.2, y: 4.8, z: 5.238251}
  m_Center: {x: -0.000014424324, y: -0.00008152984, z: -1.775269}
--- !u!65 &6517340
BoxCollider:
  m_ObjectHideFlags: 1
  m_PrefabParentObject: {fileID: 0}
  m_PrefabInternal: {fileID: 100100000}
  m_GameObject: {fileID: 182072}
  m_Material: {fileID: 0}
  m_IsTrigger: 1
  m_Enabled: 1
  serializedVersion: 2
  m_Size: {x: 10.8, y: 3.89, z: 2.8615425}
  m_Center: {x: 0.00024141092, y: 0.00012741121, z: 0.029961197}
--- !u!65 &6529566
BoxCollider:
  m_ObjectHideFlags: 1
  m_PrefabParentObject: {fileID: 0}
  m_PrefabInternal: {fileID: 100100000}
  m_GameObject: {fileID: 152828}
  m_Material: {fileID: 0}
  m_IsTrigger: 1
  m_Enabled: 1
  serializedVersion: 2
  m_Size: {x: 35.22, y: 23.73, z: 22.13}
  m_Center: {x: 0, y: 0, z: 0}
--- !u!65 &6530304
BoxCollider:
  m_ObjectHideFlags: 1
  m_PrefabParentObject: {fileID: 0}
  m_PrefabInternal: {fileID: 100100000}
  m_GameObject: {fileID: 174474}
  m_Material: {fileID: 0}
  m_IsTrigger: 1
  m_Enabled: 1
  serializedVersion: 2
  m_Size: {x: 23.676044, y: 4.8, z: 12.4}
  m_Center: {x: -2.1620073, y: 0.00011293036, z: -0.0002180636}
--- !u!65 &6552238
BoxCollider:
  m_ObjectHideFlags: 1
  m_PrefabParentObject: {fileID: 0}
  m_PrefabInternal: {fileID: 100100000}
  m_GameObject: {fileID: 193472}
  m_Material: {fileID: 0}
  m_IsTrigger: 1
  m_Enabled: 1
  serializedVersion: 2
  m_Size: {x: 28, y: 4.8, z: 12.4}
  m_Center: {x: 0, y: 0, z: 0}
--- !u!65 &6555342
BoxCollider:
  m_ObjectHideFlags: 1
  m_PrefabParentObject: {fileID: 0}
  m_PrefabInternal: {fileID: 100100000}
  m_GameObject: {fileID: 174928}
  m_Material: {fileID: 0}
  m_IsTrigger: 1
  m_Enabled: 1
  serializedVersion: 2
  m_Size: {x: 11.2, y: 4.8, z: 5.238251}
  m_Center: {x: -0.000014424324, y: -0.00008152984, z: -1.775269}
--- !u!65 &6556014
BoxCollider:
  m_ObjectHideFlags: 1
  m_PrefabParentObject: {fileID: 0}
  m_PrefabInternal: {fileID: 100100000}
  m_GameObject: {fileID: 116740}
  m_Material: {fileID: 0}
  m_IsTrigger: 1
  m_Enabled: 1
  serializedVersion: 2
  m_Size: {x: 21.7, y: 4.8, z: 16.606781}
  m_Center: {x: -0.00006838143, y: -0.000015804791, z: -0.9468131}
--- !u!65 &6592388
BoxCollider:
  m_ObjectHideFlags: 1
  m_PrefabParentObject: {fileID: 0}
  m_PrefabInternal: {fileID: 100100000}
  m_GameObject: {fileID: 109070}
  m_Material: {fileID: 0}
  m_IsTrigger: 1
  m_Enabled: 1
  serializedVersion: 2
  m_Size: {x: 11.242304, y: 4.8, z: 9.4}
  m_Center: {x: -1.9711143, y: -0.00001092624, z: 0.00052127056}
--- !u!114 &11416390
MonoBehaviour:
  m_ObjectHideFlags: 1
  m_PrefabParentObject: {fileID: 0}
  m_PrefabInternal: {fileID: 100100000}
  m_GameObject: {fileID: 152828}
  m_Enabled: 1
  m_EditorHideFlags: 0
  m_Script: {fileID: 11500000, guid: b54f63368496152458286845e8e5cac2, type: 3}
  m_Name: 
  m_EditorClassIdentifier: 
--- !u!114 &11469944
MonoBehaviour:
  m_ObjectHideFlags: 1
  m_PrefabParentObject: {fileID: 0}
  m_PrefabInternal: {fileID: 100100000}
  m_GameObject: {fileID: 152828}
  m_Enabled: 1
  m_EditorHideFlags: 0
  m_Script: {fileID: 11500000, guid: c00d5186082e140488ae1e4733aa9eb3, type: 3}
  m_Name: 
  m_EditorClassIdentifier: 
  associatedPoint: {fileID: 0}
  alwaysVisible: 0
--- !u!114 &11491882
MonoBehaviour:
  m_ObjectHideFlags: 1
  m_PrefabParentObject: {fileID: 0}
  m_PrefabInternal: {fileID: 100100000}
  m_GameObject: {fileID: 152828}
  m_Enabled: 1
  m_EditorHideFlags: 0
  m_Script: {fileID: 11500000, guid: 0dcea047bd856e7498e01fa49357513d, type: 3}
  m_Name: 
  m_EditorClassIdentifier: 
  speed: 0
--- !u!119 &11962250
Projector:
  m_ObjectHideFlags: 1
  m_PrefabParentObject: {fileID: 0}
  m_PrefabInternal: {fileID: 100100000}
  m_GameObject: {fileID: 135650}
  m_Enabled: 0
  serializedVersion: 2
  m_NearClipPlane: 0.1
  m_FarClipPlane: 25
  m_FieldOfView: 165
  m_AspectRatio: 1
  m_Orthographic: 0
  m_OrthographicSize: 10
  m_Material: {fileID: 2100000, guid: e8b03c5b40aadf3428acb98fbd5197a8, type: 2}
  m_IgnoreLayers:
    serializedVersion: 2
    m_Bits: 4096
--- !u!1001 &100100000
Prefab:
  m_ObjectHideFlags: 1
  serializedVersion: 2
  m_Modification:
    m_TransformParent: {fileID: 0}
    m_Modifications: []
    m_RemovedComponents: []
  m_ParentPrefab: {fileID: 0}
  m_RootGameObject: {fileID: 152828}
  m_IsPrefabParent: 1
