%YAML 1.1
%TAG !u! tag:unity3d.com,2011:
--- !u!1001 &100100000
Prefab:
  m_ObjectHideFlags: 1
  serializedVersion: 2
  m_Modification:
    m_TransformParent: {fileID: 0}
    m_Modifications: []
    m_RemovedComponents: []
  m_ParentPrefab: {fileID: 0}
  m_RootGameObject: {fileID: 1000010931371050}
  m_IsPrefabParent: 1
--- !u!1 &1000010269822276
GameObject:
  m_ObjectHideFlags: 1
  m_PrefabParentObject: {fileID: 0}
  m_PrefabInternal: {fileID: 100100000}
  serializedVersion: 4
  m_Component:
  - 4: {fileID: 4000013937351484}
  m_Layer: 0
  m_Name: Protagonista_RightFingerBase
  m_TagString: Untagged
  m_Icon: {fileID: 0}
  m_NavMeshLayer: 0
  m_StaticEditorFlags: 0
  m_IsActive: 1
--- !u!1 &1000010325650184
GameObject:
  m_ObjectHideFlags: 1
  m_PrefabParentObject: {fileID: 0}
  m_PrefabInternal: {fileID: 100100000}
  serializedVersion: 4
  m_Component:
  - 4: {fileID: 4000010583274262}
  m_Layer: 0
  m_Name: Protagonista_LeftUpLeg
  m_TagString: Untagged
  m_Icon: {fileID: 0}
  m_NavMeshLayer: 0
  m_StaticEditorFlags: 0
  m_IsActive: 1
--- !u!1 &1000010635400048
GameObject:
  m_ObjectHideFlags: 1
  m_PrefabParentObject: {fileID: 0}
  m_PrefabInternal: {fileID: 100100000}
  serializedVersion: 4
  m_Component:
  - 4: {fileID: 4000014000384710}
  m_Layer: 0
  m_Name: Protagonista_RightToeBase
  m_TagString: Untagged
  m_Icon: {fileID: 0}
  m_NavMeshLayer: 0
  m_StaticEditorFlags: 0
  m_IsActive: 1
--- !u!1 &1000010771935606
GameObject:
  m_ObjectHideFlags: 1
  m_PrefabParentObject: {fileID: 0}
  m_PrefabInternal: {fileID: 100100000}
  serializedVersion: 4
  m_Component:
  - 4: {fileID: 4000011054924868}
  m_Layer: 0
  m_Name: Protagonista_RightUpLeg
  m_TagString: Untagged
  m_Icon: {fileID: 0}
  m_NavMeshLayer: 0
  m_StaticEditorFlags: 0
  m_IsActive: 1
--- !u!1 &1000010780900664
GameObject:
  m_ObjectHideFlags: 1
  m_PrefabParentObject: {fileID: 0}
  m_PrefabInternal: {fileID: 100100000}
  serializedVersion: 4
  m_Component:
  - 4: {fileID: 4000011047462458}
  m_Layer: 0
  m_Name: Protagonista_RightFoot
  m_TagString: Untagged
  m_Icon: {fileID: 0}
  m_NavMeshLayer: 0
  m_StaticEditorFlags: 0
  m_IsActive: 1
--- !u!1 &1000010931371050
GameObject:
  m_ObjectHideFlags: 0
  m_PrefabParentObject: {fileID: 0}
  m_PrefabInternal: {fileID: 100100000}
  serializedVersion: 4
  m_Component:
  - 4: {fileID: 4000012469357984}
  - 95: {fileID: 95000010840585720}
  m_Layer: 0
  m_Name: Mesh_Standard
  m_TagString: Untagged
  m_Icon: {fileID: 0}
  m_NavMeshLayer: 0
  m_StaticEditorFlags: 0
  m_IsActive: 1
--- !u!1 &1000011095731204
GameObject:
  m_ObjectHideFlags: 1
  m_PrefabParentObject: {fileID: 0}
  m_PrefabInternal: {fileID: 100100000}
  serializedVersion: 4
  m_Component:
  - 4: {fileID: 4000011381826094}
  m_Layer: 0
  m_Name: Protagonista_LeftFingerBase
  m_TagString: Untagged
  m_Icon: {fileID: 0}
  m_NavMeshLayer: 0
  m_StaticEditorFlags: 0
  m_IsActive: 1
--- !u!1 &1000011170313138
GameObject:
  m_ObjectHideFlags: 1
  m_PrefabParentObject: {fileID: 0}
  m_PrefabInternal: {fileID: 100100000}
  serializedVersion: 4
  m_Component:
  - 4: {fileID: 4000010742093490}
  m_Layer: 0
  m_Name: Protagonista_Spine
  m_TagString: Untagged
  m_Icon: {fileID: 0}
  m_NavMeshLayer: 0
  m_StaticEditorFlags: 0
  m_IsActive: 1
--- !u!1 &1000011840241614
GameObject:
  m_ObjectHideFlags: 1
  m_PrefabParentObject: {fileID: 0}
  m_PrefabInternal: {fileID: 100100000}
  serializedVersion: 4
  m_Component:
  - 4: {fileID: 4000010479387598}
  m_Layer: 0
  m_Name: Protagonista_RightForeArm
  m_TagString: Untagged
  m_Icon: {fileID: 0}
  m_NavMeshLayer: 0
  m_StaticEditorFlags: 0
  m_IsActive: 1
--- !u!1 &1000011905926598
GameObject:
  m_ObjectHideFlags: 1
  m_PrefabParentObject: {fileID: 0}
  m_PrefabInternal: {fileID: 100100000}
  serializedVersion: 4
  m_Component:
  - 4: {fileID: 4000011598330052}
  m_Layer: 0
  m_Name: Protagonista_LeftToeBase
  m_TagString: Untagged
  m_Icon: {fileID: 0}
  m_NavMeshLayer: 0
  m_StaticEditorFlags: 0
  m_IsActive: 1
--- !u!1 &1000011920032822
GameObject:
  m_ObjectHideFlags: 1
  m_PrefabParentObject: {fileID: 0}
  m_PrefabInternal: {fileID: 100100000}
  serializedVersion: 4
  m_Component:
  - 4: {fileID: 4000013688203260}
  m_Layer: 0
  m_Name: Protagonista_LeftFoot
  m_TagString: Untagged
  m_Icon: {fileID: 0}
  m_NavMeshLayer: 0
  m_StaticEditorFlags: 0
  m_IsActive: 1
--- !u!1 &1000011920785324
GameObject:
  m_ObjectHideFlags: 1
  m_PrefabParentObject: {fileID: 0}
  m_PrefabInternal: {fileID: 100100000}
  serializedVersion: 4
  m_Component:
  - 4: {fileID: 4000012576643254}
  m_Layer: 0
  m_Name: Protagonista_LeftHand
  m_TagString: Untagged
  m_Icon: {fileID: 0}
  m_NavMeshLayer: 0
  m_StaticEditorFlags: 0
  m_IsActive: 1
--- !u!1 &1000012203091012
GameObject:
  m_ObjectHideFlags: 1
  m_PrefabParentObject: {fileID: 0}
  m_PrefabInternal: {fileID: 100100000}
  serializedVersion: 4
  m_Component:
  - 4: {fileID: 4000013293678630}
  m_Layer: 0
  m_Name: Protagonista_Neck
  m_TagString: Untagged
  m_Icon: {fileID: 0}
  m_NavMeshLayer: 0
  m_StaticEditorFlags: 0
  m_IsActive: 1
--- !u!1 &1000012275492032
GameObject:
  m_ObjectHideFlags: 1
  m_PrefabParentObject: {fileID: 0}
  m_PrefabInternal: {fileID: 100100000}
  serializedVersion: 4
  m_Component:
  - 4: {fileID: 4000013117570894}
  m_Layer: 0
  m_Name: Protagonista_RightShoulder
  m_TagString: Untagged
  m_Icon: {fileID: 0}
  m_NavMeshLayer: 0
  m_StaticEditorFlags: 0
  m_IsActive: 1
--- !u!1 &1000012524042280
GameObject:
  m_ObjectHideFlags: 1
  m_PrefabParentObject: {fileID: 0}
  m_PrefabInternal: {fileID: 100100000}
  serializedVersion: 4
  m_Component:
  - 4: {fileID: 4000012085428988}
  m_Layer: 0
  m_Name: Protagonista_Spine2
  m_TagString: Untagged
  m_Icon: {fileID: 0}
  m_NavMeshLayer: 0
  m_StaticEditorFlags: 0
  m_IsActive: 1
--- !u!1 &1000012543912656
GameObject:
  m_ObjectHideFlags: 0
  m_PrefabParentObject: {fileID: 0}
  m_PrefabInternal: {fileID: 100100000}
  serializedVersion: 4
  m_Component:
  - 4: {fileID: 4000012827582430}
  m_Layer: 0
  m_Name: Protagonista_Reference
  m_TagString: Untagged
  m_Icon: {fileID: 0}
  m_NavMeshLayer: 0
  m_StaticEditorFlags: 0
  m_IsActive: 1
--- !u!1 &1000012996392200
GameObject:
  m_ObjectHideFlags: 0
  m_PrefabParentObject: {fileID: 0}
  m_PrefabInternal: {fileID: 100100000}
  serializedVersion: 4
  m_Component:
  - 4: {fileID: 4000010337786560}
  - 137: {fileID: 137000011389460572}
  m_Layer: 0
  m_Name: prota_definitiva
  m_TagString: Untagged
  m_Icon: {fileID: 0}
  m_NavMeshLayer: 0
  m_StaticEditorFlags: 0
  m_IsActive: 1
--- !u!1 &1000013036845004
GameObject:
  m_ObjectHideFlags: 1
  m_PrefabParentObject: {fileID: 0}
  m_PrefabInternal: {fileID: 100100000}
  serializedVersion: 4
  m_Component:
  - 4: {fileID: 4000014087150600}
  m_Layer: 0
  m_Name: Protagonista_LeftArm
  m_TagString: Untagged
  m_Icon: {fileID: 0}
  m_NavMeshLayer: 0
  m_StaticEditorFlags: 0
  m_IsActive: 1
--- !u!1 &1000013652908988
GameObject:
  m_ObjectHideFlags: 1
  m_PrefabParentObject: {fileID: 0}
  m_PrefabInternal: {fileID: 100100000}
  serializedVersion: 4
  m_Component:
  - 4: {fileID: 4000010673587908}
  m_Layer: 0
  m_Name: Protagonista_LeftShoulder
  m_TagString: Untagged
  m_Icon: {fileID: 0}
  m_NavMeshLayer: 0
  m_StaticEditorFlags: 0
  m_IsActive: 1
--- !u!1 &1000013766226962
GameObject:
  m_ObjectHideFlags: 1
  m_PrefabParentObject: {fileID: 0}
  m_PrefabInternal: {fileID: 100100000}
  serializedVersion: 4
  m_Component:
  - 4: {fileID: 4000012446909724}
  m_Layer: 0
  m_Name: Protagonista_RightLeg
  m_TagString: Untagged
  m_Icon: {fileID: 0}
  m_NavMeshLayer: 0
  m_StaticEditorFlags: 0
  m_IsActive: 1
--- !u!1 &1000013895870900
GameObject:
  m_ObjectHideFlags: 1
  m_PrefabParentObject: {fileID: 0}
  m_PrefabInternal: {fileID: 100100000}
  serializedVersion: 4
  m_Component:
  - 4: {fileID: 4000012217512162}
  m_Layer: 0
  m_Name: Protagonista_Spine1
  m_TagString: Untagged
  m_Icon: {fileID: 0}
  m_NavMeshLayer: 0
  m_StaticEditorFlags: 0
  m_IsActive: 1
--- !u!1 &1000013900415170
GameObject:
  m_ObjectHideFlags: 1
  m_PrefabParentObject: {fileID: 0}
  m_PrefabInternal: {fileID: 100100000}
  serializedVersion: 4
  m_Component:
  - 4: {fileID: 4000014162368756}
  m_Layer: 0
  m_Name: Protagonista_LeftLeg
  m_TagString: Untagged
  m_Icon: {fileID: 0}
  m_NavMeshLayer: 0
  m_StaticEditorFlags: 0
  m_IsActive: 1
--- !u!1 &1000013948470904
GameObject:
  m_ObjectHideFlags: 1
  m_PrefabParentObject: {fileID: 0}
  m_PrefabInternal: {fileID: 100100000}
  serializedVersion: 4
  m_Component:
  - 4: {fileID: 4000011221886672}
  m_Layer: 0
  m_Name: Protagonista_Hips
  m_TagString: Untagged
  m_Icon: {fileID: 0}
  m_NavMeshLayer: 0
  m_StaticEditorFlags: 0
  m_IsActive: 1
--- !u!1 &1000013974695602
GameObject:
  m_ObjectHideFlags: 1
  m_PrefabParentObject: {fileID: 0}
  m_PrefabInternal: {fileID: 100100000}
  serializedVersion: 4
  m_Component:
  - 4: {fileID: 4000013071529018}
  m_Layer: 0
  m_Name: Protagonista_LeftForeArm
  m_TagString: Untagged
  m_Icon: {fileID: 0}
  m_NavMeshLayer: 0
  m_StaticEditorFlags: 0
  m_IsActive: 1
--- !u!1 &1000014052775568
GameObject:
  m_ObjectHideFlags: 1
  m_PrefabParentObject: {fileID: 0}
  m_PrefabInternal: {fileID: 100100000}
  serializedVersion: 4
  m_Component:
  - 4: {fileID: 4000012408999030}
  m_Layer: 0
  m_Name: Protagonista_RightArm
  m_TagString: Untagged
  m_Icon: {fileID: 0}
  m_NavMeshLayer: 0
  m_StaticEditorFlags: 0
  m_IsActive: 1
--- !u!1 &1000014225110636
GameObject:
  m_ObjectHideFlags: 1
  m_PrefabParentObject: {fileID: 0}
  m_PrefabInternal: {fileID: 100100000}
  serializedVersion: 4
  m_Component:
  - 4: {fileID: 4000011468614516}
  m_Layer: 0
  m_Name: Protagonista_Head
  m_TagString: Untagged
  m_Icon: {fileID: 0}
  m_NavMeshLayer: 0
  m_StaticEditorFlags: 0
  m_IsActive: 1
--- !u!1 &1000014291154664
GameObject:
  m_ObjectHideFlags: 1
  m_PrefabParentObject: {fileID: 0}
  m_PrefabInternal: {fileID: 100100000}
  serializedVersion: 4
  m_Component:
  - 4: {fileID: 4000013057945482}
  m_Layer: 0
  m_Name: Protagonista_RightHand
  m_TagString: Untagged
  m_Icon: {fileID: 0}
  m_NavMeshLayer: 0
  m_StaticEditorFlags: 0
  m_IsActive: 1
--- !u!4 &4000010337786560
Transform:
  m_ObjectHideFlags: 1
  m_PrefabParentObject: {fileID: 0}
  m_PrefabInternal: {fileID: 100100000}
  m_GameObject: {fileID: 1000012996392200}
  m_LocalRotation: {x: 0, y: -0, z: -0, w: 1}
  m_LocalPosition: {x: -0, y: 0, z: 0}
  m_LocalScale: {x: 1, y: 1, z: 1}
  m_LocalEulerAnglesHint: {x: 0, y: 0, z: 0}
  m_Children: []
  m_Father: {fileID: 4000012469357984}
  m_RootOrder: 0
--- !u!4 &4000010479387598
Transform:
  m_ObjectHideFlags: 1
  m_PrefabParentObject: {fileID: 0}
  m_PrefabInternal: {fileID: 100100000}
  m_GameObject: {fileID: 1000011840241614}
  m_LocalRotation: {x: 0.000021801603, y: -0.52435786, z: 0.000037196165, w: 0.851498}
  m_LocalPosition: {x: 0.3081966, y: -0.00000003167557, z: -0.000000078445574}
  m_LocalScale: {x: 1.0000001, y: 1.0000001, z: 1.0000001}
  m_LocalEulerAnglesHint: {x: 0, y: 0, z: 0}
  m_Children:
  - {fileID: 4000013057945482}
  m_Father: {fileID: 4000012408999030}
  m_RootOrder: 0
--- !u!4 &4000010583274262
Transform:
  m_ObjectHideFlags: 1
  m_PrefabParentObject: {fileID: 0}
  m_PrefabInternal: {fileID: 100100000}
  m_GameObject: {fileID: 1000010325650184}
  m_LocalRotation: {x: -0.5127741, y: -0.04981347, z: -0.19743067, w: 0.8340279}
  m_LocalPosition: {x: -0.08910016, y: -0.059230864, z: 0.000000012579735}
  m_LocalScale: {x: 1, y: 1, z: 1}
  m_LocalEulerAnglesHint: {x: 0, y: 0, z: 0}
  m_Children:
  - {fileID: 4000014162368756}
  m_Father: {fileID: 4000011221886672}
  m_RootOrder: 0
--- !u!4 &4000010673587908
Transform:
  m_ObjectHideFlags: 1
  m_PrefabParentObject: {fileID: 0}
  m_PrefabInternal: {fileID: 100100000}
  m_GameObject: {fileID: 1000013652908988}
  m_LocalRotation: {x: 0.00049805484, y: -0.057183232, z: -0.08722347, w: 0.9945461}
  m_LocalPosition: {x: -0.035977934, y: 0.048602138, z: 0.02166559}
  m_LocalScale: {x: 0.9999999, y: 0.99999994, z: 0.9999999}
  m_LocalEulerAnglesHint: {x: 0, y: 0, z: 0}
  m_Children:
  - {fileID: 4000014087150600}
  m_Father: {fileID: 4000012085428988}
  m_RootOrder: 0
--- !u!4 &4000010742093490
Transform:
  m_ObjectHideFlags: 1
  m_PrefabParentObject: {fileID: 0}
  m_PrefabInternal: {fileID: 100100000}
  m_GameObject: {fileID: 1000011170313138}
  m_LocalRotation: {x: 0.08894107, y: -0, z: -0, w: 0.9960369}
  m_LocalPosition: {x: 0.0000000012811655, y: 0.09550801, z: -0.008250331}
  m_LocalScale: {x: 1.0000004, y: 1.0000004, z: 1.0000004}
  m_LocalEulerAnglesHint: {x: 0, y: 0, z: 0}
  m_Children:
  - {fileID: 4000012217512162}
  m_Father: {fileID: 4000011221886672}
  m_RootOrder: 2
--- !u!4 &4000011047462458
Transform:
  m_ObjectHideFlags: 1
  m_PrefabParentObject: {fileID: 0}
  m_PrefabInternal: {fileID: 100100000}
  m_GameObject: {fileID: 1000010780900664}
  m_LocalRotation: {x: -0.40979052, y: -0.04324615, z: -0.1733082, w: 0.89451987}
  m_LocalPosition: {x: -0.00867323, y: -0.5003659, z: -0.016613852}
  m_LocalScale: {x: 1.0000001, y: 1.0000001, z: 1.0000001}
  m_LocalEulerAnglesHint: {x: 0, y: 0, z: 0}
  m_Children:
  - {fileID: 4000014000384710}
  m_Father: {fileID: 4000012446909724}
  m_RootOrder: 0
--- !u!4 &4000011054924868
Transform:
  m_ObjectHideFlags: 1
  m_PrefabParentObject: {fileID: 0}
  m_PrefabInternal: {fileID: 100100000}
  m_GameObject: {fileID: 1000010771935606}
  m_LocalRotation: {x: -0.5110792, y: 0.04761056, z: 0.2841108, w: 0.80982244}
  m_LocalPosition: {x: 0.08910006, y: -0.059230797, z: 0.000000004678739}
  m_LocalScale: {x: 1.0000001, y: 1.0000001, z: 1.0000001}
  m_LocalEulerAnglesHint: {x: 0, y: 0, z: 0}
  m_Children:
  - {fileID: 4000012446909724}
  m_Father: {fileID: 4000011221886672}
  m_RootOrder: 1
--- !u!4 &4000011221886672
Transform:
  m_ObjectHideFlags: 1
  m_PrefabParentObject: {fileID: 0}
  m_PrefabInternal: {fileID: 100100000}
  m_GameObject: {fileID: 1000013948470904}
  m_LocalRotation: {x: 0.16204526, y: 0.0077835913, z: 0.0043055015, w: 0.9867433}
  m_LocalPosition: {x: -0.056721374, y: 0.6539896, z: 0.1086958}
  m_LocalScale: {x: 1.0000002, y: 1.0000002, z: 1.0000004}
  m_LocalEulerAnglesHint: {x: 0, y: 0, z: 0}
  m_Children:
  - {fileID: 4000010583274262}
  - {fileID: 4000011054924868}
  - {fileID: 4000010742093490}
  m_Father: {fileID: 4000012827582430}
  m_RootOrder: 0
--- !u!4 &4000011381826094
Transform:
  m_ObjectHideFlags: 1
  m_PrefabParentObject: {fileID: 0}
  m_PrefabInternal: {fileID: 100100000}
  m_GameObject: {fileID: 1000011095731204}
  m_LocalRotation: {x: 0, y: -0, z: -0, w: 1}
  m_LocalPosition: {x: -0.07323111, y: -0.0031008266, z: 0.0031856978}
  m_LocalScale: {x: 1, y: 1, z: 1.0000001}
  m_LocalEulerAnglesHint: {x: 0, y: 0, z: 0}
  m_Children: []
  m_Father: {fileID: 4000012576643254}
  m_RootOrder: 0
--- !u!4 &4000011468614516
Transform:
  m_ObjectHideFlags: 1
  m_PrefabParentObject: {fileID: 0}
  m_PrefabInternal: {fileID: 100100000}
  m_GameObject: {fileID: 1000014225110636}
  m_LocalRotation: {x: -0.10738556, y: 0, z: -0, w: 0.99421746}
  m_LocalPosition: {x: 0.000000011710638, y: 0.13812079, z: 0.034338575}
  m_LocalScale: {x: 1.0000001, y: 1.0000002, z: 1.0000002}
  m_LocalEulerAnglesHint: {x: 0, y: 0, z: 0}
  m_Children: []
  m_Father: {fileID: 4000013293678630}
  m_RootOrder: 0
--- !u!4 &4000011598330052
Transform:
  m_ObjectHideFlags: 1
  m_PrefabParentObject: {fileID: 0}
  m_PrefabInternal: {fileID: 100100000}
  m_GameObject: {fileID: 1000011905926598}
  m_LocalRotation: {x: 0, y: -0, z: -0, w: 1}
  m_LocalPosition: {x: -0.012650141, y: -0.03717934, z: 0.122851446}
  m_LocalScale: {x: 1, y: 1, z: 1}
  m_LocalEulerAnglesHint: {x: 0, y: 0, z: 0}
  m_Children: []
  m_Father: {fileID: 4000013688203260}
  m_RootOrder: 0
--- !u!4 &4000012085428988
Transform:
  m_ObjectHideFlags: 1
  m_PrefabParentObject: {fileID: 0}
  m_PrefabInternal: {fileID: 100100000}
  m_GameObject: {fileID: 1000012524042280}
  m_LocalRotation: {x: 0.019067712, y: -0, z: -0, w: 0.9998182}
  m_LocalPosition: {x: 0.0000000061841363, y: 0.118444316, z: -0.02475099}
  m_LocalScale: {x: 1, y: 1, z: 1}
  m_LocalEulerAnglesHint: {x: 0, y: 0, z: 0}
  m_Children:
  - {fileID: 4000010673587908}
  - {fileID: 4000013293678630}
  - {fileID: 4000013117570894}
  m_Father: {fileID: 4000012217512162}
  m_RootOrder: 0
--- !u!4 &4000012217512162
Transform:
  m_ObjectHideFlags: 1
  m_PrefabParentObject: {fileID: 0}
  m_PrefabInternal: {fileID: 100100000}
  m_GameObject: {fileID: 1000013895870900}
  m_LocalRotation: {x: 0.019067718, y: -0, z: -0, w: 0.9998182}
  m_LocalPosition: {x: 0.0000000066811148, y: 0.11844424, z: -0.009281609}
  m_LocalScale: {x: 0.9999999, y: 1, z: 0.99999994}
  m_LocalEulerAnglesHint: {x: 0, y: 0, z: 0}
  m_Children:
  - {fileID: 4000012085428988}
  m_Father: {fileID: 4000010742093490}
  m_RootOrder: 0
--- !u!4 &4000012408999030
Transform:
  m_ObjectHideFlags: 1
  m_PrefabParentObject: {fileID: 0}
  m_PrefabInternal: {fileID: 100100000}
  m_GameObject: {fileID: 1000014052775568}
  m_LocalRotation: {x: 0.12610087, y: 0.099739626, z: -0.5497277, w: 0.81972563}
  m_LocalPosition: {x: 0.08122635, y: -0.0007074973, z: -0.00000003186269}
  m_LocalScale: {x: 0.99999994, y: 0.99999994, z: 1}
  m_LocalEulerAnglesHint: {x: 0, y: 0, z: 0}
  m_Children:
  - {fileID: 4000010479387598}
  m_Father: {fileID: 4000013117570894}
  m_RootOrder: 0
--- !u!4 &4000012446909724
Transform:
  m_ObjectHideFlags: 1
  m_PrefabParentObject: {fileID: 0}
  m_PrefabInternal: {fileID: 100100000}
  m_GameObject: {fileID: 1000013766226962}
  m_LocalRotation: {x: 0.7341742, y: -0.067619026, z: -0.06474437, w: 0.6724761}
  m_LocalPosition: {x: -0.024409464, y: -0.4069534, z: 0.012640395}
  m_LocalScale: {x: 0.9999998, y: 0.9999998, z: 0.9999997}
  m_LocalEulerAnglesHint: {x: 0, y: 0, z: 0}
  m_Children:
  - {fileID: 4000011047462458}
  m_Father: {fileID: 4000011054924868}
  m_RootOrder: 0
--- !u!4 &4000012469357984
Transform:
  m_ObjectHideFlags: 1
  m_PrefabParentObject: {fileID: 0}
  m_PrefabInternal: {fileID: 100100000}
  m_GameObject: {fileID: 1000010931371050}
  m_LocalRotation: {x: 0, y: 1, z: 0, w: 0}
  m_LocalPosition: {x: 0, y: 0, z: 0}
  m_LocalScale: {x: 1, y: 1, z: 1}
  m_LocalEulerAnglesHint: {x: 0, y: 180, z: 0}
  m_Children:
  - {fileID: 4000010337786560}
  - {fileID: 4000012827582430}
  m_Father: {fileID: 0}
  m_RootOrder: 0
--- !u!4 &4000012576643254
Transform:
  m_ObjectHideFlags: 1
  m_PrefabParentObject: {fileID: 0}
  m_PrefabInternal: {fileID: 100100000}
  m_GameObject: {fileID: 1000011920785324}
  m_LocalRotation: {x: 0, y: -0, z: -0, w: 1}
  m_LocalPosition: {x: -0.21763805, y: -0.00000009281572, z: 0.000000019696522}
  m_LocalScale: {x: 1, y: 1, z: 1}
  m_LocalEulerAnglesHint: {x: 0, y: 0, z: 0}
  m_Children:
  - {fileID: 4000011381826094}
  m_Father: {fileID: 4000013071529018}
  m_RootOrder: 0
--- !u!4 &4000012827582430
Transform:
  m_ObjectHideFlags: 1
  m_PrefabParentObject: {fileID: 0}
  m_PrefabInternal: {fileID: 100100000}
  m_GameObject: {fileID: 1000012543912656}
  m_LocalRotation: {x: 0, y: -0, z: -0, w: 1}
  m_LocalPosition: {x: -0, y: 0, z: 0}
  m_LocalScale: {x: 1, y: 1, z: 1}
  m_LocalEulerAnglesHint: {x: 0, y: 0, z: 0}
  m_Children:
  - {fileID: 4000011221886672}
  m_Father: {fileID: 4000012469357984}
  m_RootOrder: 1
--- !u!4 &4000013057945482
Transform:
  m_ObjectHideFlags: 1
  m_PrefabParentObject: {fileID: 0}
  m_PrefabInternal: {fileID: 100100000}
  m_GameObject: {fileID: 1000014291154664}
  m_LocalRotation: {x: 0, y: -0, z: -0, w: 1}
  m_LocalPosition: {x: 0.21763799, y: 0.000000020849013, z: -0.0000000011013755}
  m_LocalScale: {x: 1, y: 1.0000001, z: 1.0000001}
  m_LocalEulerAnglesHint: {x: 0, y: 0, z: 0}
  m_Children:
  - {fileID: 4000013937351484}
  m_Father: {fileID: 4000010479387598}
  m_RootOrder: 0
--- !u!4 &4000013071529018
Transform:
  m_ObjectHideFlags: 1
  m_PrefabParentObject: {fileID: 0}
  m_PrefabInternal: {fileID: 100100000}
  m_GameObject: {fileID: 1000013974695602}
  m_LocalRotation: {x: 0.000002324281, y: 0.54592735, z: -0.0000035670648, w: 0.8378325}
  m_LocalPosition: {x: -0.3081964, y: -0.000000015256749, z: -0.000000017143462}
  m_LocalScale: {x: 1.0000001, y: 1.0000001, z: 1.0000001}
  m_LocalEulerAnglesHint: {x: 0, y: 0, z: 0}
  m_Children:
  - {fileID: 4000012576643254}
  m_Father: {fileID: 4000014087150600}
  m_RootOrder: 0
--- !u!4 &4000013117570894
Transform:
  m_ObjectHideFlags: 1
  m_PrefabParentObject: {fileID: 0}
  m_PrefabInternal: {fileID: 100100000}
  m_GameObject: {fileID: 1000012275492032}
  m_LocalRotation: {x: 0.0005160267, y: 0.059201647, z: 0.09030222, w: 0.99415314}
  m_LocalPosition: {x: 0.035977926, y: 0.048602138, z: 0.021665575}
  m_LocalScale: {x: 1, y: 1, z: 1.0000001}
  m_LocalEulerAnglesHint: {x: 0, y: 0, z: 0}
  m_Children:
  - {fileID: 4000012408999030}
  m_Father: {fileID: 4000012085428988}
  m_RootOrder: 2
--- !u!4 &4000013293678630
Transform:
  m_ObjectHideFlags: 1
  m_PrefabParentObject: {fileID: 0}
  m_PrefabInternal: {fileID: 100100000}
  m_GameObject: {fileID: 1000012203091012}
  m_LocalRotation: {x: -0.107384354, y: 0, z: -0, w: 0.9942176}
  m_LocalPosition: {x: 0.000000004099266, y: 0.11844435, z: 0.000000013775427}
  m_LocalScale: {x: 0.99999994, y: 1, z: 1}
  m_LocalEulerAnglesHint: {x: 0, y: 0, z: 0}
  m_Children:
  - {fileID: 4000011468614516}
  m_Father: {fileID: 4000012085428988}
  m_RootOrder: 1
--- !u!4 &4000013688203260
Transform:
  m_ObjectHideFlags: 1
  m_PrefabParentObject: {fileID: 0}
  m_PrefabInternal: {fileID: 100100000}
  m_GameObject: {fileID: 1000011920032822}
  m_LocalRotation: {x: -0.43008265, y: 0.013330592, z: 0.15125023, w: 0.8899296}
  m_LocalPosition: {x: 0.008673097, y: -0.5003655, z: -0.016614076}
  m_LocalScale: {x: 1, y: 1, z: 1}
  m_LocalEulerAnglesHint: {x: 0, y: 0, z: 0}
  m_Children:
  - {fileID: 4000011598330052}
  m_Father: {fileID: 4000014162368756}
  m_RootOrder: 0
--- !u!4 &4000013937351484
Transform:
  m_ObjectHideFlags: 1
  m_PrefabParentObject: {fileID: 0}
  m_PrefabInternal: {fileID: 100100000}
  m_GameObject: {fileID: 1000010269822276}
  m_LocalRotation: {x: 0.00000076492324, y: 8.78713e-13, z: 0.0000011487597, w: 1}
  m_LocalPosition: {x: 0.073231116, y: -0.0031007393, z: 0.0031856922}
  m_LocalScale: {x: 0.99999994, y: 1, z: 1}
  m_LocalEulerAnglesHint: {x: 0, y: 0, z: 0}
  m_Children: []
  m_Father: {fileID: 4000013057945482}
  m_RootOrder: 0
--- !u!4 &4000014000384710
Transform:
  m_ObjectHideFlags: 1
  m_PrefabParentObject: {fileID: 0}
  m_PrefabInternal: {fileID: 100100000}
  m_GameObject: {fileID: 1000010635400048}
  m_LocalRotation: {x: 0, y: -0, z: -0, w: 1}
  m_LocalPosition: {x: 0.012650137, y: -0.03717935, z: 0.12285156}
  m_LocalScale: {x: 1.0000001, y: 1.0000001, z: 1.0000001}
  m_LocalEulerAnglesHint: {x: 0, y: 0, z: 0}
  m_Children: []
  m_Father: {fileID: 4000011047462458}
  m_RootOrder: 0
--- !u!4 &4000014087150600
Transform:
  m_ObjectHideFlags: 1
  m_PrefabParentObject: {fileID: 0}
  m_PrefabInternal: {fileID: 100100000}
  m_GameObject: {fileID: 1000013036845004}
  m_LocalRotation: {x: 0.13942955, y: -0.13150397, z: 0.55550927, w: 0.80912024}
  m_LocalPosition: {x: -0.081226386, y: -0.0007075414, z: -0.000000014362945}
  m_LocalScale: {x: 1.0000002, y: 1.0000004, z: 1.0000004}
  m_LocalEulerAnglesHint: {x: 0, y: 0, z: 0}
  m_Children:
  - {fileID: 4000013071529018}
  m_Father: {fileID: 4000010673587908}
  m_RootOrder: 0
--- !u!4 &4000014162368756
Transform:
  m_ObjectHideFlags: 1
  m_PrefabParentObject: {fileID: 0}
  m_PrefabInternal: {fileID: 100100000}
  m_GameObject: {fileID: 1000013900415170}
  m_LocalRotation: {x: 0.7458032, y: 0.055755697, z: 0.05222574, w: 0.6617714}
  m_LocalPosition: {x: 0.024402618, y: -0.40695345, z: 0.012641804}
  m_LocalScale: {x: 1.0000004, y: 1.0000002, z: 1.0000004}
  m_LocalEulerAnglesHint: {x: 0, y: 0, z: 0}
  m_Children:
  - {fileID: 4000013688203260}
  m_Father: {fileID: 4000010583274262}
  m_RootOrder: 0
--- !u!95 &95000010840585720
Animator:
  serializedVersion: 3
  m_ObjectHideFlags: 1
  m_PrefabParentObject: {fileID: 0}
  m_PrefabInternal: {fileID: 100100000}
  m_GameObject: {fileID: 1000010931371050}
  m_Enabled: 1
  m_Avatar: {fileID: 9000000, guid: 057d0841ce39e1c42861838ef88fae74, type: 3}
  m_Controller: {fileID: 0}
  m_CullingMode: 1
  m_UpdateMode: 0
  m_ApplyRootMotion: 1
  m_LinearVelocityBlending: 0
  m_WarningMessage: 
  m_HasTransformHierarchy: 1
  m_AllowConstantClipSamplingOptimization: 1
--- !u!137 &137000011389460572
SkinnedMeshRenderer:
  m_ObjectHideFlags: 1
  m_PrefabParentObject: {fileID: 0}
  m_PrefabInternal: {fileID: 100100000}
  m_GameObject: {fileID: 1000012996392200}
  m_Enabled: 1
  m_CastShadows: 0
  m_ReceiveShadows: 0
  m_MotionVectors: 0
  m_LightProbeUsage: 0
  m_ReflectionProbeUsage: 0
  m_Materials:
  - {fileID: 10302, guid: 0000000000000000f000000000000000, type: 0}
  m_SubsetIndices: 
  m_StaticBatchRoot: {fileID: 0}
  m_ProbeAnchor: {fileID: 0}
  m_LightProbeVolumeOverride: {fileID: 0}
  m_ScaleInLightmap: 1
  m_PreserveUVs: 0
  m_IgnoreNormalsForChartDetection: 0
  m_ImportantGI: 0
  m_SelectedWireframeHidden: 0
  m_MinimumChartSize: 4
  m_AutoUVMaxDistance: 0.5
  m_AutoUVMaxAngle: 89
  m_LightmapParameters: {fileID: 0}
  m_SortingLayerID: 0
  m_SortingOrder: 0
  serializedVersion: 2
  m_Quality: 0
  m_UpdateWhenOffscreen: 0
  m_SkinnedMotionVectors: 0
  m_Mesh: {fileID: 4300000, guid: 057d0841ce39e1c42861838ef88fae74, type: 3}
  m_Bones:
  - {fileID: 4000011221886672}
  - {fileID: 4000010583274262}
  - {fileID: 4000014162368756}
  - {fileID: 4000013688203260}
  - {fileID: 4000011598330052}
  - {fileID: 4000011054924868}
  - {fileID: 4000012446909724}
  - {fileID: 4000011047462458}
  - {fileID: 4000014000384710}
  - {fileID: 4000010742093490}
  - {fileID: 4000012217512162}
  - {fileID: 4000012085428988}
  - {fileID: 4000010673587908}
  - {fileID: 4000014087150600}
  - {fileID: 4000013071529018}
  - {fileID: 4000012576643254}
  - {fileID: 4000011381826094}
  - {fileID: 4000013117570894}
  - {fileID: 4000012408999030}
  - {fileID: 4000010479387598}
  - {fileID: 4000013057945482}
  - {fileID: 4000013937351484}
  - {fileID: 4000013293678630}
  - {fileID: 4000011468614516}
  m_BlendShapeWeights: []
  m_RootBone: {fileID: 4000011221886672}
  m_AABB:
    m_Center: {x: 0.006797239, y: 0.020567477, z: 0.10113382}
    m_Extent: {x: 0.42687535, y: 0.73231894, z: 0.41691816}
  m_DirtyAABB: 0
