%YAML 1.1
%TAG !u! tag:unity3d.com,2011:
--- !u!1001 &100100000
Prefab:
  m_ObjectHideFlags: 1
  serializedVersion: 2
  m_Modification:
    m_TransformParent: {fileID: 0}
    m_Modifications: []
    m_RemovedComponents: []
  m_ParentPrefab: {fileID: 0}
  m_RootGameObject: {fileID: 1000012814561940}
  m_IsPrefabParent: 1
--- !u!1 &1000010064615660
GameObject:
  m_ObjectHideFlags: 1
  m_PrefabParentObject: {fileID: 0}
  m_PrefabInternal: {fileID: 100100000}
  serializedVersion: 4
  m_Component:
  - 4: {fileID: 4000013497719632}
  m_Layer: 0
  m_Name: right_rear_leg3
  m_TagString: Untagged
  m_Icon: {fileID: 0}
  m_NavMeshLayer: 0
  m_StaticEditorFlags: 0
  m_IsActive: 1
--- !u!1 &1000010290434502
GameObject:
  m_ObjectHideFlags: 1
  m_PrefabParentObject: {fileID: 0}
  m_PrefabInternal: {fileID: 100100000}
  serializedVersion: 4
  m_Component:
  - 4: {fileID: 4000010636362992}
  m_Layer: 0
  m_Name: left_rear_leg3
  m_TagString: Untagged
  m_Icon: {fileID: 0}
  m_NavMeshLayer: 0
  m_StaticEditorFlags: 0
  m_IsActive: 1
--- !u!1 &1000010419108738
GameObject:
  m_ObjectHideFlags: 1
  m_PrefabParentObject: {fileID: 0}
  m_PrefabInternal: {fileID: 100100000}
  serializedVersion: 4
  m_Component:
  - 4: {fileID: 4000013931905702}
  m_Layer: 0
  m_Name: right_front_leg4
  m_TagString: Untagged
  m_Icon: {fileID: 0}
  m_NavMeshLayer: 0
  m_StaticEditorFlags: 0
  m_IsActive: 1
--- !u!1 &1000010426295582
GameObject:
  m_ObjectHideFlags: 1
  m_PrefabParentObject: {fileID: 0}
  m_PrefabInternal: {fileID: 100100000}
  serializedVersion: 4
  m_Component:
  - 4: {fileID: 4000011898027176}
  - 54: {fileID: 54000010142077526}
  - 135: {fileID: 135000012269289674}
  - 114: {fileID: 114000010188744746}
  m_Layer: 8
  m_Name: Collider
  m_TagString: Untagged
  m_Icon: {fileID: 0}
  m_NavMeshLayer: 0
  m_StaticEditorFlags: 0
  m_IsActive: 1
--- !u!1 &1000010455080964
GameObject:
  m_ObjectHideFlags: 1
  m_PrefabParentObject: {fileID: 0}
  m_PrefabInternal: {fileID: 100100000}
  serializedVersion: 4
  m_Component:
  - 4: {fileID: 4000013804872526}
  m_Layer: 0
  m_Name: right_rear_leg4
  m_TagString: Untagged
  m_Icon: {fileID: 0}
  m_NavMeshLayer: 0
  m_StaticEditorFlags: 0
  m_IsActive: 1
--- !u!1 &1000010592420614
GameObject:
  m_ObjectHideFlags: 1
  m_PrefabParentObject: {fileID: 0}
  m_PrefabInternal: {fileID: 100100000}
  serializedVersion: 4
  m_Component:
  - 4: {fileID: 4000012031206070}
  m_Layer: 0
  m_Name: neck
  m_TagString: Untagged
  m_Icon: {fileID: 0}
  m_NavMeshLayer: 0
  m_StaticEditorFlags: 0
  m_IsActive: 1
--- !u!1 &1000010625439110
GameObject:
  m_ObjectHideFlags: 1
  m_PrefabParentObject: {fileID: 0}
  m_PrefabInternal: {fileID: 100100000}
  serializedVersion: 4
  m_Component:
  - 4: {fileID: 4000013780401274}
  m_Layer: 0
  m_Name: left_rear_leg4
  m_TagString: Untagged
  m_Icon: {fileID: 0}
  m_NavMeshLayer: 0
  m_StaticEditorFlags: 0
  m_IsActive: 1
--- !u!1 &1000010645246276
GameObject:
  m_ObjectHideFlags: 1
  m_PrefabParentObject: {fileID: 0}
  m_PrefabInternal: {fileID: 100100000}
  serializedVersion: 4
  m_Component:
  - 4: {fileID: 4000011435234422}
  m_Layer: 0
  m_Name: right_front_leg5
  m_TagString: Untagged
  m_Icon: {fileID: 0}
  m_NavMeshLayer: 0
  m_StaticEditorFlags: 0
  m_IsActive: 1
--- !u!1 &1000010664438032
GameObject:
  m_ObjectHideFlags: 1
  m_PrefabParentObject: {fileID: 0}
  m_PrefabInternal: {fileID: 100100000}
  serializedVersion: 4
  m_Component:
  - 4: {fileID: 4000011932225572}
  m_Layer: 0
  m_Name: left_rear_leg1
  m_TagString: Untagged
  m_Icon: {fileID: 0}
  m_NavMeshLayer: 0
  m_StaticEditorFlags: 0
  m_IsActive: 1
--- !u!1 &1000010711390142
GameObject:
  m_ObjectHideFlags: 1
  m_PrefabParentObject: {fileID: 0}
  m_PrefabInternal: {fileID: 100100000}
  serializedVersion: 4
  m_Component:
  - 4: {fileID: 4000012607774750}
  m_Layer: 0
  m_Name: root
  m_TagString: Untagged
  m_Icon: {fileID: 0}
  m_NavMeshLayer: 0
  m_StaticEditorFlags: 0
  m_IsActive: 1
--- !u!1 &1000010774618352
GameObject:
  m_ObjectHideFlags: 1
  m_PrefabParentObject: {fileID: 0}
  m_PrefabInternal: {fileID: 100100000}
  serializedVersion: 4
  m_Component:
  - 4: {fileID: 4000010986699122}
  m_Layer: 0
  m_Name: spine1
  m_TagString: Untagged
  m_Icon: {fileID: 0}
  m_NavMeshLayer: 0
  m_StaticEditorFlags: 0
  m_IsActive: 1
--- !u!1 &1000010822957526
GameObject:
  m_ObjectHideFlags: 1
  m_PrefabParentObject: {fileID: 0}
  m_PrefabInternal: {fileID: 100100000}
  serializedVersion: 4
  m_Component:
  - 4: {fileID: 4000011716144982}
  m_Layer: 0
  m_Name: left_front_leg2
  m_TagString: Untagged
  m_Icon: {fileID: 0}
  m_NavMeshLayer: 0
  m_StaticEditorFlags: 0
  m_IsActive: 1
--- !u!1 &1000010849282388
GameObject:
  m_ObjectHideFlags: 1
  m_PrefabParentObject: {fileID: 0}
  m_PrefabInternal: {fileID: 100100000}
  serializedVersion: 4
  m_Component:
  - 4: {fileID: 4000011245962202}
  m_Layer: 0
  m_Name: spine2
  m_TagString: Untagged
  m_Icon: {fileID: 0}
  m_NavMeshLayer: 0
  m_StaticEditorFlags: 0
  m_IsActive: 1
--- !u!1 &1000011088650760
GameObject:
  m_ObjectHideFlags: 1
  m_PrefabParentObject: {fileID: 0}
  m_PrefabInternal: {fileID: 100100000}
  serializedVersion: 4
  m_Component:
  - 4: {fileID: 4000010584535006}
  - 137: {fileID: 137000011972877616}
  m_Layer: 12
  m_Name: oso
  m_TagString: Untagged
  m_Icon: {fileID: 0}
  m_NavMeshLayer: 0
  m_StaticEditorFlags: 0
  m_IsActive: 1
--- !u!1 &1000011265943168
GameObject:
  m_ObjectHideFlags: 1
  m_PrefabParentObject: {fileID: 0}
  m_PrefabInternal: {fileID: 100100000}
  serializedVersion: 4
  m_Component:
  - 4: {fileID: 4000013745822006}
  m_Layer: 0
  m_Name: head
  m_TagString: Untagged
  m_Icon: {fileID: 0}
  m_NavMeshLayer: 0
  m_StaticEditorFlags: 0
  m_IsActive: 1
--- !u!1 &1000011409150152
GameObject:
  m_ObjectHideFlags: 1
  m_PrefabParentObject: {fileID: 0}
  m_PrefabInternal: {fileID: 100100000}
  serializedVersion: 4
  m_Component:
  - 4: {fileID: 4000010756982876}
  m_Layer: 0
  m_Name: left_front_leg3
  m_TagString: Untagged
  m_Icon: {fileID: 0}
  m_NavMeshLayer: 0
  m_StaticEditorFlags: 0
  m_IsActive: 1
--- !u!1 &1000011591522492
GameObject:
  m_ObjectHideFlags: 1
  m_PrefabParentObject: {fileID: 0}
  m_PrefabInternal: {fileID: 100100000}
  serializedVersion: 4
  m_Component:
  - 4: {fileID: 4000011730358312}
  m_Layer: 0
  m_Name: mandible
  m_TagString: Untagged
  m_Icon: {fileID: 0}
  m_NavMeshLayer: 0
  m_StaticEditorFlags: 0
  m_IsActive: 1
--- !u!1 &1000011711409918
GameObject:
  m_ObjectHideFlags: 1
  m_PrefabParentObject: {fileID: 0}
  m_PrefabInternal: {fileID: 100100000}
  serializedVersion: 4
  m_Component:
  - 4: {fileID: 4000011654872182}
  m_Layer: 0
  m_Name: teeth_up
  m_TagString: Untagged
  m_Icon: {fileID: 0}
  m_NavMeshLayer: 0
  m_StaticEditorFlags: 0
  m_IsActive: 1
--- !u!1 &1000012036183218
GameObject:
  m_ObjectHideFlags: 1
  m_PrefabParentObject: {fileID: 0}
  m_PrefabInternal: {fileID: 100100000}
  serializedVersion: 4
  m_Component:
  - 4: {fileID: 4000011098312662}
  m_Layer: 0
  m_Name: right_rear_leg1
  m_TagString: Untagged
  m_Icon: {fileID: 0}
  m_NavMeshLayer: 0
  m_StaticEditorFlags: 0
  m_IsActive: 1
--- !u!1 &1000012076785438
GameObject:
  m_ObjectHideFlags: 1
  m_PrefabParentObject: {fileID: 0}
  m_PrefabInternal: {fileID: 100100000}
  serializedVersion: 4
  m_Component:
  - 4: {fileID: 4000012402352738}
  m_Layer: 0
  m_Name: left_front_leg4
  m_TagString: Untagged
  m_Icon: {fileID: 0}
  m_NavMeshLayer: 0
  m_StaticEditorFlags: 0
  m_IsActive: 1
--- !u!1 &1000012174638122
GameObject:
  m_ObjectHideFlags: 0
  m_PrefabParentObject: {fileID: 0}
  m_PrefabInternal: {fileID: 100100000}
  serializedVersion: 4
  m_Component:
  - 4: {fileID: 4000013110136742}
  - 135: {fileID: 135000012823879416}
  - 114: {fileID: 114000013102614516}
  m_Layer: 8
  m_Name: Bear
  m_TagString: Untagged
  m_Icon: {fileID: 0}
  m_NavMeshLayer: 0
  m_StaticEditorFlags: 0
  m_IsActive: 1
--- !u!1 &1000012274109612
GameObject:
  m_ObjectHideFlags: 1
  m_PrefabParentObject: {fileID: 0}
  m_PrefabInternal: {fileID: 100100000}
  serializedVersion: 4
  m_Component:
  - 4: {fileID: 4000012450637782}
  m_Layer: 0
  m_Name: left_front_leg5
  m_TagString: Untagged
  m_Icon: {fileID: 0}
  m_NavMeshLayer: 0
  m_StaticEditorFlags: 0
  m_IsActive: 1
--- !u!1 &1000012289074762
GameObject:
  m_ObjectHideFlags: 1
  m_PrefabParentObject: {fileID: 0}
  m_PrefabInternal: {fileID: 100100000}
  serializedVersion: 4
  m_Component:
  - 4: {fileID: 4000012124171888}
  m_Layer: 0
  m_Name: left_rear_leg2
  m_TagString: Untagged
  m_Icon: {fileID: 0}
  m_NavMeshLayer: 0
  m_StaticEditorFlags: 0
  m_IsActive: 1
--- !u!1 &1000012427990500
GameObject:
  m_ObjectHideFlags: 1
  m_PrefabParentObject: {fileID: 0}
  m_PrefabInternal: {fileID: 100100000}
  serializedVersion: 4
  m_Component:
  - 4: {fileID: 4000011421986506}
  - 119: {fileID: 119000013209806858}
  m_Layer: 0
  m_Name: ProjectorBlob
  m_TagString: Untagged
  m_Icon: {fileID: 0}
  m_NavMeshLayer: 0
  m_StaticEditorFlags: 0
  m_IsActive: 1
--- !u!1 &1000012760284240
GameObject:
  m_ObjectHideFlags: 1
  m_PrefabParentObject: {fileID: 0}
  m_PrefabInternal: {fileID: 100100000}
  serializedVersion: 4
  m_Component:
  - 4: {fileID: 4000011311890282}
  m_Layer: 0
  m_Name: shoulders
  m_TagString: Untagged
  m_Icon: {fileID: 0}
  m_NavMeshLayer: 0
  m_StaticEditorFlags: 0
  m_IsActive: 1
--- !u!1 &1000012814561940
GameObject:
  m_ObjectHideFlags: 0
  m_PrefabParentObject: {fileID: 0}
  m_PrefabInternal: {fileID: 100100000}
  serializedVersion: 4
  m_Component:
  - 4: {fileID: 4000013171363820}
  - 65: {fileID: 65000013286916414}
  - 114: {fileID: 114000012914265788}
  - 114: {fileID: 114000012531043330}
  m_Layer: 0
  m_Name: BearRunArea
  m_TagString: Untagged
  m_Icon: {fileID: 0}
  m_NavMeshLayer: 0
  m_StaticEditorFlags: 0
  m_IsActive: 1
--- !u!1 &1000013100065476
GameObject:
  m_ObjectHideFlags: 1
  m_PrefabParentObject: {fileID: 0}
  m_PrefabInternal: {fileID: 100100000}
  serializedVersion: 4
  m_Component:
  - 4: {fileID: 4000013247533070}
  m_Layer: 0
  m_Name: left_front_leg1
  m_TagString: Untagged
  m_Icon: {fileID: 0}
  m_NavMeshLayer: 0
  m_StaticEditorFlags: 0
  m_IsActive: 1
--- !u!1 &1000013119971754
GameObject:
  m_ObjectHideFlags: 1
  m_PrefabParentObject: {fileID: 0}
  m_PrefabInternal: {fileID: 100100000}
  serializedVersion: 4
  m_Component:
  - 4: {fileID: 4000012377913574}
  - 95: {fileID: 95000011153172748}
  m_Layer: 0
  m_Name: Graphics
  m_TagString: Untagged
  m_Icon: {fileID: 0}
  m_NavMeshLayer: 0
  m_StaticEditorFlags: 0
  m_IsActive: 1
--- !u!1 &1000013121899410
GameObject:
  m_ObjectHideFlags: 1
  m_PrefabParentObject: {fileID: 0}
  m_PrefabInternal: {fileID: 100100000}
  serializedVersion: 4
  m_Component:
  - 4: {fileID: 4000012949666312}
  m_Layer: 0
  m_Name: right_front_leg3
  m_TagString: Untagged
  m_Icon: {fileID: 0}
  m_NavMeshLayer: 0
  m_StaticEditorFlags: 0
  m_IsActive: 1
--- !u!1 &1000013701316610
GameObject:
  m_ObjectHideFlags: 1
  m_PrefabParentObject: {fileID: 0}
  m_PrefabInternal: {fileID: 100100000}
  serializedVersion: 4
  m_Component:
  - 4: {fileID: 4000010681453796}
  m_Layer: 0
  m_Name: right_front_leg1
  m_TagString: Untagged
  m_Icon: {fileID: 0}
  m_NavMeshLayer: 0
  m_StaticEditorFlags: 0
  m_IsActive: 1
--- !u!1 &1000013705751676
GameObject:
  m_ObjectHideFlags: 1
  m_PrefabParentObject: {fileID: 0}
  m_PrefabInternal: {fileID: 100100000}
  serializedVersion: 4
  m_Component:
  - 4: {fileID: 4000011341822206}
  m_Layer: 0
  m_Name: right_rear_leg2
  m_TagString: Untagged
  m_Icon: {fileID: 0}
  m_NavMeshLayer: 0
  m_StaticEditorFlags: 0
  m_IsActive: 1
--- !u!1 &1000013814979904
GameObject:
  m_ObjectHideFlags: 1
  m_PrefabParentObject: {fileID: 0}
  m_PrefabInternal: {fileID: 100100000}
  serializedVersion: 4
  m_Component:
  - 4: {fileID: 4000012004952578}
  m_Layer: 0
  m_Name: teeth_down
  m_TagString: Untagged
  m_Icon: {fileID: 0}
  m_NavMeshLayer: 0
  m_StaticEditorFlags: 0
  m_IsActive: 1
--- !u!1 &1000013913941884
GameObject:
  m_ObjectHideFlags: 1
  m_PrefabParentObject: {fileID: 0}
  m_PrefabInternal: {fileID: 100100000}
  serializedVersion: 4
  m_Component:
  - 4: {fileID: 4000010396318102}
  m_Layer: 0
  m_Name: right_front_leg2
  m_TagString: Untagged
  m_Icon: {fileID: 0}
  m_NavMeshLayer: 0
  m_StaticEditorFlags: 0
  m_IsActive: 1
--- !u!4 &4000010396318102
Transform:
  m_ObjectHideFlags: 1
  m_PrefabParentObject: {fileID: 0}
  m_PrefabInternal: {fileID: 100100000}
  m_GameObject: {fileID: 1000013913941884}
  m_LocalRotation: {x: -0.024849102, y: -0.0018976073, z: 0.76195174, w: 0.64715415}
  m_LocalPosition: {x: 0.5167781, y: -0.0000013140535, z: -0.0000012568411}
  m_LocalScale: {x: 1, y: 1, z: 1}
  m_LocalEulerAnglesHint: {x: 0, y: 0, z: 0}
  m_Children:
  - {fileID: 4000012949666312}
  m_Father: {fileID: 4000010681453796}
  m_RootOrder: 0
--- !u!4 &4000010584535006
Transform:
  m_ObjectHideFlags: 1
  m_PrefabParentObject: {fileID: 0}
  m_PrefabInternal: {fileID: 100100000}
  m_GameObject: {fileID: 1000011088650760}
  m_LocalRotation: {x: 0, y: -0, z: -0, w: 1}
  m_LocalPosition: {x: -0, y: 0, z: 0}
  m_LocalScale: {x: 1, y: 1, z: 1}
  m_LocalEulerAnglesHint: {x: 0, y: 0, z: 0}
  m_Children: []
  m_Father: {fileID: 4000012377913574}
  m_RootOrder: 0
--- !u!4 &4000010636362992
Transform:
  m_ObjectHideFlags: 1
  m_PrefabParentObject: {fileID: 0}
  m_PrefabInternal: {fileID: 100100000}
  m_GameObject: {fileID: 1000010290434502}
  m_LocalRotation: {x: -0.0006137929, y: -0.00024366415, z: -0.74148566, w: 0.6709685}
  m_LocalPosition: {x: -0.7197692, y: -3.0642155e-16, z: 0}
  m_LocalScale: {x: 1, y: 1, z: 1}
  m_LocalEulerAnglesHint: {x: 0, y: 0, z: 0}
  m_Children:
  - {fileID: 4000013780401274}
  m_Father: {fileID: 4000012124171888}
  m_RootOrder: 0
--- !u!4 &4000010681453796
Transform:
  m_ObjectHideFlags: 1
  m_PrefabParentObject: {fileID: 0}
  m_PrefabInternal: {fileID: 100100000}
  m_GameObject: {fileID: 1000013701316610}
  m_LocalRotation: {x: 0.7161316, y: -0.17147043, z: 0.59723026, w: -0.3179141}
  m_LocalPosition: {x: 0.31681833, y: -0.23242687, z: 0.057195228}
  m_LocalScale: {x: 1, y: 1, z: 1}
  m_LocalEulerAnglesHint: {x: 0, y: 0, z: 0}
  m_Children:
  - {fileID: 4000010396318102}
  m_Father: {fileID: 4000011311890282}
  m_RootOrder: 2
--- !u!4 &4000010756982876
Transform:
  m_ObjectHideFlags: 1
  m_PrefabParentObject: {fileID: 0}
  m_PrefabInternal: {fileID: 100100000}
  m_GameObject: {fileID: 1000011409150152}
  m_LocalRotation: {x: 0.08190953, y: 0.18400982, z: -0.696583, w: 0.68862426}
  m_LocalPosition: {x: -0.84199095, y: -1.6431301e-16, z: 2.842171e-16}
  m_LocalScale: {x: 1, y: 1, z: 1}
  m_LocalEulerAnglesHint: {x: 0, y: 0, z: 0}
  m_Children:
  - {fileID: 4000012402352738}
  m_Father: {fileID: 4000011716144982}
  m_RootOrder: 0
--- !u!4 &4000010986699122
Transform:
  m_ObjectHideFlags: 1
  m_PrefabParentObject: {fileID: 0}
  m_PrefabInternal: {fileID: 100100000}
  m_GameObject: {fileID: 1000010774618352}
  m_LocalRotation: {x: 0.07740158, y: 1.2685341e-17, z: -1.13433006e-26, w: 0.99700004}
  m_LocalPosition: {x: -0, y: 1.2621774e-31, z: 0.29533786}
  m_LocalScale: {x: 1, y: 1, z: 1}
  m_LocalEulerAnglesHint: {x: 0, y: 0, z: 0}
  m_Children:
  - {fileID: 4000011245962202}
  m_Father: {fileID: 4000012607774750}
  m_RootOrder: 2
--- !u!4 &4000011098312662
Transform:
  m_ObjectHideFlags: 1
  m_PrefabParentObject: {fileID: 0}
  m_PrefabInternal: {fileID: 100100000}
  m_GameObject: {fileID: 1000012036183218}
  m_LocalRotation: {x: 0.5677193, y: -0.42058423, z: 0.5689535, w: -0.4208273}
  m_LocalPosition: {x: 0.34643248, y: -0.14673235, z: -0.1308024}
  m_LocalScale: {x: 1, y: 1, z: 1}
  m_LocalEulerAnglesHint: {x: 0, y: 0, z: 0}
  m_Children:
  - {fileID: 4000011341822206}
  m_Father: {fileID: 4000012607774750}
  m_RootOrder: 1
--- !u!4 &4000011245962202
Transform:
  m_ObjectHideFlags: 1
  m_PrefabParentObject: {fileID: 0}
  m_PrefabInternal: {fileID: 100100000}
  m_GameObject: {fileID: 1000010849282388}
  m_LocalRotation: {x: 0.04999553, y: -9.576181e-18, z: -1.804931e-18, w: 0.99874943}
  m_LocalPosition: {x: -0, y: 2.5243548e-31, z: 0.5900387}
  m_LocalScale: {x: 1, y: 1, z: 1}
  m_LocalEulerAnglesHint: {x: 0, y: 0, z: 0}
  m_Children:
  - {fileID: 4000011311890282}
  m_Father: {fileID: 4000010986699122}
  m_RootOrder: 0
--- !u!4 &4000011311890282
Transform:
  m_ObjectHideFlags: 1
  m_PrefabParentObject: {fileID: 0}
  m_PrefabInternal: {fileID: 100100000}
  m_GameObject: {fileID: 1000012760284240}
  m_LocalRotation: {x: 0.25474063, y: -0, z: -0, w: 0.9670094}
  m_LocalPosition: {x: 3.5527136e-17, y: 2.5579537e-15, z: 0.9072958}
  m_LocalScale: {x: 1, y: 1, z: 1}
  m_LocalEulerAnglesHint: {x: 0, y: 0, z: 0}
  m_Children:
  - {fileID: 4000013247533070}
  - {fileID: 4000012031206070}
  - {fileID: 4000010681453796}
  m_Father: {fileID: 4000011245962202}
  m_RootOrder: 0
--- !u!4 &4000011341822206
Transform:
  m_ObjectHideFlags: 1
  m_PrefabParentObject: {fileID: 0}
  m_PrefabInternal: {fileID: 100100000}
  m_GameObject: {fileID: 1000013705751676}
  m_LocalRotation: {x: 2.4336186e-11, y: -3.5701667e-11, z: 0.563242, w: 0.82629204}
  m_LocalPosition: {x: 0.47189063, y: -0.0000000038511847, z: -3.5527135e-16}
  m_LocalScale: {x: 1, y: 1, z: 1}
  m_LocalEulerAnglesHint: {x: 0, y: 0, z: 0}
  m_Children:
  - {fileID: 4000013497719632}
  m_Father: {fileID: 4000011098312662}
  m_RootOrder: 0
--- !u!4 &4000011421986506
Transform:
  m_ObjectHideFlags: 1
  m_PrefabParentObject: {fileID: 0}
  m_PrefabInternal: {fileID: 100100000}
  m_GameObject: {fileID: 1000012427990500}
  m_LocalRotation: {x: -0.7071068, y: -0.000000059604645, z: -0.00000008940697, w: -0.70710677}
  m_LocalPosition: {x: -0, y: 11.92, z: -0.13}
  m_LocalScale: {x: 1, y: 1, z: 1}
  m_LocalEulerAnglesHint: {x: 0, y: 0, z: 0}
  m_Children: []
  m_Father: {fileID: 4000013110136742}
  m_RootOrder: 0
--- !u!4 &4000011435234422
Transform:
  m_ObjectHideFlags: 1
  m_PrefabParentObject: {fileID: 0}
  m_PrefabInternal: {fileID: 100100000}
  m_GameObject: {fileID: 1000010645246276}
  m_LocalRotation: {x: 0, y: -0, z: -0, w: 1}
  m_LocalPosition: {x: 0.4687518, y: 0.000000014756188, z: -0.00000011605286}
  m_LocalScale: {x: 1, y: 1, z: 1}
  m_LocalEulerAnglesHint: {x: 0, y: 0, z: 0}
  m_Children: []
  m_Father: {fileID: 4000013931905702}
  m_RootOrder: 0
--- !u!4 &4000011654872182
Transform:
  m_ObjectHideFlags: 1
  m_PrefabParentObject: {fileID: 0}
  m_PrefabInternal: {fileID: 100100000}
  m_GameObject: {fileID: 1000011711409918}
  m_LocalRotation: {x: 0, y: -0, z: -0, w: 1}
  m_LocalPosition: {x: -0, y: 0.39453483, z: 0.47599864}
  m_LocalScale: {x: 1, y: 1, z: 1}
  m_LocalEulerAnglesHint: {x: 0, y: 0, z: 0}
  m_Children: []
  m_Father: {fileID: 4000013745822006}
  m_RootOrder: 1
--- !u!4 &4000011716144982
Transform:
  m_ObjectHideFlags: 1
  m_PrefabParentObject: {fileID: 0}
  m_PrefabInternal: {fileID: 100100000}
  m_GameObject: {fileID: 1000010822957526}
  m_LocalRotation: {x: -0.024859479, y: -0.00189873, z: 0.76195335, w: 0.6471519}
  m_LocalPosition: {x: -0.5167784, y: -1.6431301e-16, z: 5.684342e-16}
  m_LocalScale: {x: 1, y: 1, z: 1}
  m_LocalEulerAnglesHint: {x: 0, y: 0, z: 0}
  m_Children:
  - {fileID: 4000010756982876}
  m_Father: {fileID: 4000013247533070}
  m_RootOrder: 0
--- !u!4 &4000011730358312
Transform:
  m_ObjectHideFlags: 1
  m_PrefabParentObject: {fileID: 0}
  m_PrefabInternal: {fileID: 100100000}
  m_GameObject: {fileID: 1000011591522492}
  m_LocalRotation: {x: -0.33955115, y: 0, z: -0, w: 0.9405876}
  m_LocalPosition: {x: -0, y: -2.842171e-16, z: 0.31407404}
  m_LocalScale: {x: 1, y: 1, z: 1}
  m_LocalEulerAnglesHint: {x: 0, y: 0, z: 0}
  m_Children:
  - {fileID: 4000012004952578}
  m_Father: {fileID: 4000013745822006}
  m_RootOrder: 0
--- !u!4 &4000011898027176
Transform:
  m_ObjectHideFlags: 1
  m_PrefabParentObject: {fileID: 0}
  m_PrefabInternal: {fileID: 100100000}
  m_GameObject: {fileID: 1000010426295582}
  m_LocalRotation: {x: 0, y: 0, z: 0, w: 1}
  m_LocalPosition: {x: 0, y: 1, z: 0}
  m_LocalScale: {x: 1, y: 1, z: 1}
  m_LocalEulerAnglesHint: {x: 0, y: 0, z: 0}
  m_Children: []
  m_Father: {fileID: 4000013110136742}
  m_RootOrder: 2
--- !u!4 &4000011932225572
Transform:
  m_ObjectHideFlags: 1
  m_PrefabParentObject: {fileID: 0}
  m_PrefabInternal: {fileID: 100100000}
  m_GameObject: {fileID: 1000010664438032}
  m_LocalRotation: {x: 0.42079607, y: 0.56879467, z: 0.42061567, w: 0.5678783}
  m_LocalPosition: {x: -0.34643376, y: -0.14673167, z: -0.130802}
  m_LocalScale: {x: 1, y: 1, z: 1}
  m_LocalEulerAnglesHint: {x: 0, y: 0, z: 0}
  m_Children:
  - {fileID: 4000012124171888}
  m_Father: {fileID: 4000012607774750}
  m_RootOrder: 0
--- !u!4 &4000012004952578
Transform:
  m_ObjectHideFlags: 1
  m_PrefabParentObject: {fileID: 0}
  m_PrefabInternal: {fileID: 100100000}
  m_GameObject: {fileID: 1000013814979904}
  m_LocalRotation: {x: 0, y: -0, z: -0, w: 1}
  m_LocalPosition: {x: 5.5220264e-32, y: -1.2621774e-31, z: 0.3275551}
  m_LocalScale: {x: 1, y: 1, z: 1}
  m_LocalEulerAnglesHint: {x: 0, y: 0, z: 0}
  m_Children: []
  m_Father: {fileID: 4000011730358312}
  m_RootOrder: 0
--- !u!4 &4000012031206070
Transform:
  m_ObjectHideFlags: 1
  m_PrefabParentObject: {fileID: 0}
  m_PrefabInternal: {fileID: 100100000}
  m_GameObject: {fileID: 1000010592420614}
  m_LocalRotation: {x: 0.23985909, y: -0, z: -0, w: 0.97080773}
  m_LocalPosition: {x: 2.1316282e-16, y: -5.684342e-16, z: 0.6847845}
  m_LocalScale: {x: 1, y: 1, z: 1}
  m_LocalEulerAnglesHint: {x: 0, y: 0, z: 0}
  m_Children:
  - {fileID: 4000013745822006}
  m_Father: {fileID: 4000011311890282}
  m_RootOrder: 1
--- !u!4 &4000012124171888
Transform:
  m_ObjectHideFlags: 1
  m_PrefabParentObject: {fileID: 0}
  m_PrefabInternal: {fileID: 100100000}
  m_GameObject: {fileID: 1000012289074762}
  m_LocalRotation: {x: -1.1203832e-10, y: 1.6436341e-10, z: 0.563242, w: 0.82629204}
  m_LocalPosition: {x: -0.47189006, y: -3.0642155e-16, z: 2.842171e-16}
  m_LocalScale: {x: 1, y: 1, z: 1}
  m_LocalEulerAnglesHint: {x: 0, y: 0, z: 0}
  m_Children:
  - {fileID: 4000010636362992}
  m_Father: {fileID: 4000011932225572}
  m_RootOrder: 0
--- !u!4 &4000012377913574
Transform:
  m_ObjectHideFlags: 1
  m_PrefabParentObject: {fileID: 0}
  m_PrefabInternal: {fileID: 100100000}
  m_GameObject: {fileID: 1000013119971754}
  m_LocalRotation: {x: 0, y: 0, z: 0, w: 1}
  m_LocalPosition: {x: 0, y: 0, z: 0}
  m_LocalScale: {x: 1, y: 1, z: 1}
  m_LocalEulerAnglesHint: {x: 0, y: 0, z: 0}
  m_Children:
  - {fileID: 4000010584535006}
  - {fileID: 4000012607774750}
  m_Father: {fileID: 4000013110136742}
  m_RootOrder: 1
--- !u!4 &4000012402352738
Transform:
  m_ObjectHideFlags: 1
  m_PrefabParentObject: {fileID: 0}
  m_PrefabInternal: {fileID: 100100000}
  m_GameObject: {fileID: 1000012076785438}
  m_LocalRotation: {x: 0.0041064983, y: 0.022454903, z: -0.48947525, w: 0.8717184}
  m_LocalPosition: {x: -0.80763876, y: -7.5495166e-17, z: -5.684342e-16}
  m_LocalScale: {x: 1, y: 1, z: 1}
  m_LocalEulerAnglesHint: {x: 0, y: 0, z: 0}
  m_Children:
  - {fileID: 4000012450637782}
  m_Father: {fileID: 4000010756982876}
  m_RootOrder: 0
--- !u!4 &4000012450637782
Transform:
  m_ObjectHideFlags: 1
  m_PrefabParentObject: {fileID: 0}
  m_PrefabInternal: {fileID: 100100000}
  m_GameObject: {fileID: 1000012274109612}
  m_LocalRotation: {x: 0, y: -0, z: -0, w: 1}
  m_LocalPosition: {x: -0.4687509, y: -1.5321078e-16, z: -7.105427e-17}
  m_LocalScale: {x: 1, y: 1, z: 1}
  m_LocalEulerAnglesHint: {x: 0, y: 0, z: 0}
  m_Children: []
  m_Father: {fileID: 4000012402352738}
  m_RootOrder: 0
--- !u!4 &4000012607774750
Transform:
  m_ObjectHideFlags: 1
  m_PrefabParentObject: {fileID: 0}
  m_PrefabInternal: {fileID: 100100000}
  m_GameObject: {fileID: 1000010711390142}
  m_LocalRotation: {x: -0.21446511, y: 4.496372e-18, z: 7.5759243e-26, w: 0.97673166}
  m_LocalPosition: {x: -1.9721522e-33, y: 1.3723364, z: -1.424797}
  m_LocalScale: {x: 1, y: 1, z: 1}
  m_LocalEulerAnglesHint: {x: 0, y: 0, z: 0}
  m_Children:
  - {fileID: 4000011932225572}
  - {fileID: 4000011098312662}
  - {fileID: 4000010986699122}
  m_Father: {fileID: 4000012377913574}
  m_RootOrder: 1
--- !u!4 &4000012949666312
Transform:
  m_ObjectHideFlags: 1
  m_PrefabParentObject: {fileID: 0}
  m_PrefabInternal: {fileID: 100100000}
  m_GameObject: {fileID: 1000013121899410}
  m_LocalRotation: {x: 0.08190958, y: 0.18400985, z: -0.69658303, w: 0.6886242}
  m_LocalPosition: {x: 0.841992, y: -0.00000025659193, z: 0.00000018764324}
  m_LocalScale: {x: 1, y: 1, z: 1}
  m_LocalEulerAnglesHint: {x: 0, y: 0, z: 0}
  m_Children:
  - {fileID: 4000013931905702}
  m_Father: {fileID: 4000010396318102}
  m_RootOrder: 0
--- !u!4 &4000013110136742
Transform:
  m_ObjectHideFlags: 1
  m_PrefabParentObject: {fileID: 0}
  m_PrefabInternal: {fileID: 100100000}
  m_GameObject: {fileID: 1000012174638122}
  m_LocalRotation: {x: 0, y: 0.7071068, z: 0, w: 0.7071068}
  m_LocalPosition: {x: -8, y: 0, z: 8}
  m_LocalScale: {x: 1, y: 1, z: 1}
  m_LocalEulerAnglesHint: {x: 0, y: 90, z: 0}
  m_Children:
  - {fileID: 4000011421986506}
  - {fileID: 4000012377913574}
  - {fileID: 4000011898027176}
  m_Father: {fileID: 4000013171363820}
  m_RootOrder: 0
--- !u!4 &4000013171363820
Transform:
  m_ObjectHideFlags: 1
  m_PrefabParentObject: {fileID: 0}
  m_PrefabInternal: {fileID: 100100000}
  m_GameObject: {fileID: 1000012814561940}
  m_LocalRotation: {x: 0, y: 0, z: 0, w: 1}
  m_LocalPosition: {x: 0, y: -2, z: 45}
  m_LocalScale: {x: 1, y: 1, z: 1}
  m_LocalEulerAnglesHint: {x: 0, y: 0, z: 0}
  m_Children:
  - {fileID: 4000013110136742}
  m_Father: {fileID: 0}
  m_RootOrder: 0
--- !u!4 &4000013247533070
Transform:
  m_ObjectHideFlags: 1
  m_PrefabParentObject: {fileID: 0}
  m_PrefabInternal: {fileID: 100100000}
  m_GameObject: {fileID: 1000013100065476}
  m_LocalRotation: {x: 0.3179141, y: 0.59723026, z: 0.17147043, w: 0.7161316}
  m_LocalPosition: {x: -0.3168171, y: -0.23242585, z: 0.05719502}
  m_LocalScale: {x: 1, y: 1, z: 1}
  m_LocalEulerAnglesHint: {x: 0, y: 0, z: 0}
  m_Children:
  - {fileID: 4000011716144982}
  m_Father: {fileID: 4000011311890282}
  m_RootOrder: 0
--- !u!4 &4000013497719632
Transform:
  m_ObjectHideFlags: 1
  m_PrefabParentObject: {fileID: 0}
  m_PrefabInternal: {fileID: 100100000}
  m_GameObject: {fileID: 1000010064615660}
  m_LocalRotation: {x: -0.00082676107, y: -0.0003280903, z: -0.74148554, w: 0.6709683}
  m_LocalPosition: {x: 0.71976876, y: 0.0000019578192, z: 1.4210854e-16}
  m_LocalScale: {x: 1, y: 1, z: 1}
  m_LocalEulerAnglesHint: {x: 0, y: 0, z: 0}
  m_Children:
  - {fileID: 4000013804872526}
  m_Father: {fileID: 4000011341822206}
  m_RootOrder: 0
--- !u!4 &4000013745822006
Transform:
  m_ObjectHideFlags: 1
  m_PrefabParentObject: {fileID: 0}
  m_PrefabInternal: {fileID: 100100000}
  m_GameObject: {fileID: 1000011265943168}
  m_LocalRotation: {x: 0.20790826, y: -0, z: -0, w: 0.97814834}
  m_LocalPosition: {x: -3.5527136e-17, y: 0, z: 0.32984698}
  m_LocalScale: {x: 1, y: 1, z: 1}
  m_LocalEulerAnglesHint: {x: 0, y: 0, z: 0}
  m_Children:
  - {fileID: 4000011730358312}
  - {fileID: 4000011654872182}
  m_Father: {fileID: 4000012031206070}
  m_RootOrder: 0
--- !u!4 &4000013780401274
Transform:
  m_ObjectHideFlags: 1
  m_PrefabParentObject: {fileID: 0}
  m_PrefabInternal: {fileID: 100100000}
  m_GameObject: {fileID: 1000010625439110}
  m_LocalRotation: {x: 0, y: -0, z: -0.5115424, w: 0.85925806}
  m_LocalPosition: {x: -0.41812766, y: -3.0642155e-16, z: -3.5527135e-16}
  m_LocalScale: {x: 1, y: 1, z: 1}
  m_LocalEulerAnglesHint: {x: 0, y: 0, z: 0}
  m_Children: []
  m_Father: {fileID: 4000010636362992}
  m_RootOrder: 0
--- !u!4 &4000013804872526
Transform:
  m_ObjectHideFlags: 1
  m_PrefabParentObject: {fileID: 0}
  m_PrefabInternal: {fileID: 100100000}
  m_GameObject: {fileID: 1000010455080964}
  m_LocalRotation: {x: 0, y: -0, z: -0.5115424, w: 0.85925806}
  m_LocalPosition: {x: 0.41812792, y: 0.000000052117475, z: -2.842171e-16}
  m_LocalScale: {x: 1, y: 1, z: 1}
  m_LocalEulerAnglesHint: {x: 0, y: 0, z: 0}
  m_Children: []
  m_Father: {fileID: 4000013497719632}
  m_RootOrder: 0
--- !u!4 &4000013931905702
Transform:
  m_ObjectHideFlags: 1
  m_PrefabParentObject: {fileID: 0}
  m_PrefabInternal: {fileID: 100100000}
  m_GameObject: {fileID: 1000010419108738}
  m_LocalRotation: {x: 0.0041039325, y: 0.022444393, z: -0.48947635, w: 0.87171805}
  m_LocalPosition: {x: 0.8076379, y: -0.00000034136482, z: -0.00000027011126}
  m_LocalScale: {x: 1, y: 1, z: 1}
  m_LocalEulerAnglesHint: {x: 0, y: 0, z: 0}
  m_Children:
  - {fileID: 4000011435234422}
  m_Father: {fileID: 4000012949666312}
  m_RootOrder: 0
--- !u!54 &54000010142077526
Rigidbody:
  m_ObjectHideFlags: 1
  m_PrefabParentObject: {fileID: 0}
  m_PrefabInternal: {fileID: 100100000}
  m_GameObject: {fileID: 1000010426295582}
  serializedVersion: 2
  m_Mass: 50
  m_Drag: 0
  m_AngularDrag: 0.05
  m_UseGravity: 1
  m_IsKinematic: 0
  m_Interpolate: 0
  m_Constraints: 126
  m_CollisionDetection: 0
--- !u!65 &65000013286916414
BoxCollider:
  m_ObjectHideFlags: 1
  m_PrefabParentObject: {fileID: 0}
  m_PrefabInternal: {fileID: 100100000}
  m_GameObject: {fileID: 1000012814561940}
  m_Material: {fileID: 0}
  m_IsTrigger: 1
  m_Enabled: 1
  serializedVersion: 2
  m_Size: {x: 10, y: 6, z: 1}
  m_Center: {x: 0, y: 3, z: 0}
--- !u!95 &95000011153172748
Animator:
  serializedVersion: 3
  m_ObjectHideFlags: 1
  m_PrefabParentObject: {fileID: 0}
  m_PrefabInternal: {fileID: 100100000}
  m_GameObject: {fileID: 1000013119971754}
  m_Enabled: 1
  m_Avatar: {fileID: 9000000, guid: 8f5c72a884244f44b8b973f1977bb1d9, type: 3}
  m_Controller: {fileID: 9100000, guid: 93ddcbc9b1f80b34c8cdf7ff9710e95c, type: 2}
  m_CullingMode: 1
  m_UpdateMode: 0
  m_ApplyRootMotion: 0
  m_LinearVelocityBlending: 0
  m_WarningMessage: 
  m_HasTransformHierarchy: 1
  m_AllowConstantClipSamplingOptimization: 1
--- !u!114 &114000010188744746
MonoBehaviour:
  m_ObjectHideFlags: 1
  m_PrefabParentObject: {fileID: 0}
  m_PrefabInternal: {fileID: 100100000}
  m_GameObject: {fileID: 1000010426295582}
  m_Enabled: 1
  m_EditorHideFlags: 0
  m_Script: {fileID: 11500000, guid: 7f905a6a77c2e314aab428853af0c551, type: 3}
  m_Name: 
  m_EditorClassIdentifier: 
  isPhysicsObstacle: 1
--- !u!114 &114000012531043330
MonoBehaviour:
  m_ObjectHideFlags: 1
  m_PrefabParentObject: {fileID: 0}
  m_PrefabInternal: {fileID: 100100000}
  m_GameObject: {fileID: 1000012814561940}
  m_Enabled: 1
  m_EditorHideFlags: 0
  m_Script: {fileID: 11500000, guid: c00d5186082e140488ae1e4733aa9eb3, type: 3}
  m_Name: 
  m_EditorClassIdentifier: 
  associatedPoint: {fileID: 0}
  alwaysVisible: 0
--- !u!114 &114000012914265788
MonoBehaviour:
  m_ObjectHideFlags: 1
  m_PrefabParentObject: {fileID: 0}
  m_PrefabInternal: {fileID: 100100000}
  m_GameObject: {fileID: 1000012814561940}
  m_Enabled: 1
  m_EditorHideFlags: 0
  m_Script: {fileID: 11500000, guid: c11c19307704bd74fae70ad857620bee, type: 3}
  m_Name: 
  m_EditorClassIdentifier: 
  laegoo: {fileID: 114000013102614516}
--- !u!114 &114000013102614516
MonoBehaviour:
  m_ObjectHideFlags: 1
  m_PrefabParentObject: {fileID: 0}
  m_PrefabInternal: {fileID: 100100000}
  m_GameObject: {fileID: 1000012174638122}
  m_Enabled: 1
  m_EditorHideFlags: 0
  m_Script: {fileID: 11500000, guid: d011e4604afe7e54c823742df602be2f, type: 3}
  m_Name: 
  m_EditorClassIdentifier: 
  lives: 1
  score: -100
  addMultiplierHit: 0
  isCritical: 0
  isDetectableThreat: 0
  threatTarget: {fileID: 0}
  entityRenderer: {fileID: 0}
  hitEffect: {fileID: 120114, guid: dcc6fd9fe71687544a07fc1bcefbe71f, type: 2}
  critEffect: {fileID: 195050, guid: 07d6c41d965ea9647b31708f4eba546e, type: 2}
  entityRagdoll: {fileID: 0}
  topEntityBone: {fileID: 0}
  force: 500
  entityAnimator: {fileID: 95000011153172748}
  speed: 15
  willRun: 1
  goRun: 0
--- !u!119 &119000013209806858
Projector:
  m_ObjectHideFlags: 1
  m_PrefabParentObject: {fileID: 0}
  m_PrefabInternal: {fileID: 100100000}
  m_GameObject: {fileID: 1000012427990500}
  m_Enabled: 1
  serializedVersion: 2
  m_NearClipPlane: 0.1
  m_FarClipPlane: 75
  m_FieldOfView: 25
  m_AspectRatio: 1
  m_Orthographic: 0
  m_OrthographicSize: 10
  m_Material: {fileID: 2100000, guid: e8b03c5b40aadf3428acb98fbd5197a8, type: 2}
  m_IgnoreLayers:
    serializedVersion: 2
    m_Bits: 4096
--- !u!135 &135000012269289674
SphereCollider:
  m_ObjectHideFlags: 1
  m_PrefabParentObject: {fileID: 0}
  m_PrefabInternal: {fileID: 100100000}
  m_GameObject: {fileID: 1000010426295582}
  m_Material: {fileID: 0}
  m_IsTrigger: 0
  m_Enabled: 1
  serializedVersion: 2
  m_Radius: 1
  m_Center: {x: 0, y: 0, z: 0}
--- !u!135 &135000012823879416
SphereCollider:
  m_ObjectHideFlags: 1
  m_PrefabParentObject: {fileID: 0}
  m_PrefabInternal: {fileID: 100100000}
  m_GameObject: {fileID: 1000012174638122}
  m_Material: {fileID: 0}
  m_IsTrigger: 1
  m_Enabled: 1
  serializedVersion: 2
  m_Radius: 1.5
  m_Center: {x: 0, y: 1.5, z: 0}
--- !u!137 &137000011972877616
SkinnedMeshRenderer:
  m_ObjectHideFlags: 1
  m_PrefabParentObject: {fileID: 0}
  m_PrefabInternal: {fileID: 100100000}
  m_GameObject: {fileID: 1000011088650760}
  m_Enabled: 1
  m_CastShadows: 1
  m_ReceiveShadows: 1
  m_MotionVectors: 1
  m_LightProbeUsage: 1
  m_ReflectionProbeUsage: 1
  m_Materials:
  - {fileID: 2100000, guid: 10c99caaea79749449ef2737a0f6c2b4, type: 2}
  m_SubsetIndices: 
  m_StaticBatchRoot: {fileID: 0}
  m_ProbeAnchor: {fileID: 0}
  m_LightProbeVolumeOverride: {fileID: 0}
  m_ScaleInLightmap: 1
  m_PreserveUVs: 0
  m_IgnoreNormalsForChartDetection: 0
  m_ImportantGI: 0
  m_SelectedWireframeHidden: 0
  m_MinimumChartSize: 4
  m_AutoUVMaxDistance: 0.5
  m_AutoUVMaxAngle: 89
  m_LightmapParameters: {fileID: 0}
  m_SortingLayerID: 0
  m_SortingOrder: 0
  serializedVersion: 2
  m_Quality: 0
  m_UpdateWhenOffscreen: 0
  m_SkinnedMotionVectors: 1
  m_Mesh: {fileID: 4300000, guid: 8f5c72a884244f44b8b973f1977bb1d9, type: 3}
  m_Bones:
  - {fileID: 4000012607774750}
  - {fileID: 4000010986699122}
  - {fileID: 4000011245962202}
  - {fileID: 4000011311890282}
  - {fileID: 4000012031206070}
  - {fileID: 4000013745822006}
  - {fileID: 4000011730358312}
  - {fileID: 4000012004952578}
  - {fileID: 4000011654872182}
  - {fileID: 4000013247533070}
  - {fileID: 4000011716144982}
  - {fileID: 4000010756982876}
  - {fileID: 4000012402352738}
  - {fileID: 4000012450637782}
  - {fileID: 4000010681453796}
  - {fileID: 4000010396318102}
  - {fileID: 4000012949666312}
  - {fileID: 4000013931905702}
  - {fileID: 4000011435234422}
  - {fileID: 4000011932225572}
  - {fileID: 4000012124171888}
  - {fileID: 4000010636362992}
  - {fileID: 4000013780401274}
  - {fileID: 4000011098312662}
  - {fileID: 4000011341822206}
  - {fileID: 4000013497719632}
  - {fileID: 4000013804872526}
  m_BlendShapeWeights: []
  m_RootBone: {fileID: 4000012607774750}
  m_AABB:
    m_Center: {x: -0.000000059604645, y: -0.9857865, z: 0.9788856}
    m_Extent: {x: 1.0599453, y: 1.225502, z: 1.9261274}
  m_DirtyAABB: 0
