%YAML 1.1
%TAG !u! tag:unity3d.com,2011:
--- !u!29 &1
SceneSettings:
  m_ObjectHideFlags: 0
  m_PVSData: 
  m_PVSObjectsArray: []
  m_PVSPortalsArray: []
  m_OcclusionBakeSettings:
    smallestOccluder: 5
    smallestHole: 0.25
    backfaceThreshold: 100
--- !u!104 &2
RenderSettings:
  m_ObjectHideFlags: 0
  serializedVersion: 6
  m_Fog: 0
  m_FogColor: {r: 0.5, g: 0.5, b: 0.5, a: 1}
  m_FogMode: 3
  m_FogDensity: 0.01
  m_LinearFogStart: 0
  m_LinearFogEnd: 300
  m_AmbientSkyColor: {r: 0.212, g: 0.227, b: 0.259, a: 1}
  m_AmbientEquatorColor: {r: 0.114, g: 0.125, b: 0.133, a: 1}
  m_AmbientGroundColor: {r: 0.047, g: 0.043, b: 0.035, a: 1}
  m_AmbientIntensity: 1
  m_AmbientMode: 0
  m_SkyboxMaterial: {fileID: 10304, guid: 0000000000000000f000000000000000, type: 0}
  m_HaloStrength: 0.5
  m_FlareStrength: 1
  m_FlareFadeSpeed: 3
  m_HaloTexture: {fileID: 0}
  m_SpotCookie: {fileID: 10001, guid: 0000000000000000e000000000000000, type: 0}
  m_DefaultReflectionMode: 0
  m_DefaultReflectionResolution: 128
  m_ReflectionBounces: 1
  m_ReflectionIntensity: 1
  m_CustomReflection: {fileID: 0}
  m_Sun: {fileID: 0}
--- !u!157 &3
LightmapSettings:
  m_ObjectHideFlags: 0
  serializedVersion: 6
  m_GIWorkflowMode: 1
  m_LightmapsMode: 1
  m_GISettings:
    serializedVersion: 2
    m_BounceScale: 1
    m_IndirectOutputScale: 1
    m_AlbedoBoost: 1
    m_TemporalCoherenceThreshold: 1
    m_EnvironmentLightingMode: 0
    m_EnableBakedLightmaps: 1
    m_EnableRealtimeLightmaps: 1
  m_LightmapEditorSettings:
    serializedVersion: 3
    m_Resolution: 2
    m_BakeResolution: 40
    m_TextureWidth: 1024
    m_TextureHeight: 1024
    m_AOMaxDistance: 1
    m_Padding: 2
    m_CompAOExponent: 0
    m_LightmapParameters: {fileID: 0}
    m_TextureCompression: 1
    m_FinalGather: 0
    m_FinalGatherRayCount: 1024
    m_ReflectionCompression: 2
  m_LightingDataAsset: {fileID: 0}
  m_RuntimeCPUUsage: 25
--- !u!196 &4
NavMeshSettings:
  serializedVersion: 2
  m_ObjectHideFlags: 0
  m_BuildSettings:
    serializedVersion: 2
    agentRadius: 0.5
    agentHeight: 2
    agentSlope: 45
    agentClimb: 0.4
    ledgeDropHeight: 0
    maxJumpAcrossDistance: 0
    accuratePlacement: 0
    minRegionArea: 2
    cellSize: 0.16666667
    manualCellSize: 0
  m_NavMeshData: {fileID: 0}
--- !u!1 &9875685 stripped
GameObject:
  m_PrefabParentObject: {fileID: 153426, guid: 3a7a8916f0744e84080abb2c14f47a88, type: 2}
  m_PrefabInternal: {fileID: 1594353452}
--- !u!4 &9875690 stripped
Transform:
  m_PrefabParentObject: {fileID: 425682, guid: 3a7a8916f0744e84080abb2c14f47a88, type: 2}
  m_PrefabInternal: {fileID: 1594353452}
--- !u!1001 &31933211
Prefab:
  m_ObjectHideFlags: 0
  serializedVersion: 2
  m_Modification:
    m_TransformParent: {fileID: 689766931}
    m_Modifications:
    - target: {fileID: 432280, guid: f13ca11d6fd18fd4fa04d35c7645471d, type: 2}
      propertyPath: m_LocalPosition.x
      value: 0
      objectReference: {fileID: 0}
    - target: {fileID: 432280, guid: f13ca11d6fd18fd4fa04d35c7645471d, type: 2}
      propertyPath: m_LocalPosition.y
      value: -0.5
      objectReference: {fileID: 0}
    - target: {fileID: 432280, guid: f13ca11d6fd18fd4fa04d35c7645471d, type: 2}
      propertyPath: m_LocalPosition.z
      value: 0
      objectReference: {fileID: 0}
    - target: {fileID: 432280, guid: f13ca11d6fd18fd4fa04d35c7645471d, type: 2}
      propertyPath: m_LocalRotation.x
      value: 0
      objectReference: {fileID: 0}
    - target: {fileID: 432280, guid: f13ca11d6fd18fd4fa04d35c7645471d, type: 2}
      propertyPath: m_LocalRotation.y
      value: 0
      objectReference: {fileID: 0}
    - target: {fileID: 432280, guid: f13ca11d6fd18fd4fa04d35c7645471d, type: 2}
      propertyPath: m_LocalRotation.z
      value: 0
      objectReference: {fileID: 0}
    - target: {fileID: 432280, guid: f13ca11d6fd18fd4fa04d35c7645471d, type: 2}
      propertyPath: m_LocalRotation.w
      value: 1
      objectReference: {fileID: 0}
    - target: {fileID: 432280, guid: f13ca11d6fd18fd4fa04d35c7645471d, type: 2}
      propertyPath: m_RootOrder
      value: 0
      objectReference: {fileID: 0}
    - target: {fileID: 11455206, guid: f13ca11d6fd18fd4fa04d35c7645471d, type: 2}
      propertyPath: playerCamera
      value: 
      objectReference: {fileID: 1582065392}
    - target: {fileID: 181752, guid: f13ca11d6fd18fd4fa04d35c7645471d, type: 2}
      propertyPath: m_IsActive
      value: 0
      objectReference: {fileID: 0}
    - target: {fileID: 11455206, guid: f13ca11d6fd18fd4fa04d35c7645471d, type: 2}
      propertyPath: maxAmmo
      value: 100
      objectReference: {fileID: 0}
    m_RemovedComponents: []
  m_ParentPrefab: {fileID: 100100000, guid: f13ca11d6fd18fd4fa04d35c7645471d, type: 2}
  m_IsPrefabParent: 0
--- !u!1 &53980655
GameObject:
  m_ObjectHideFlags: 0
  m_PrefabParentObject: {fileID: 0}
  m_PrefabInternal: {fileID: 0}
  serializedVersion: 4
  m_Component:
  - 4: {fileID: 53980657}
  - 65: {fileID: 53980656}
  m_Layer: 0
  m_Name: GameObject
  m_TagString: Untagged
  m_Icon: {fileID: 0}
  m_NavMeshLayer: 0
  m_StaticEditorFlags: 0
  m_IsActive: 1
--- !u!65 &53980656
BoxCollider:
  m_ObjectHideFlags: 0
  m_PrefabParentObject: {fileID: 0}
  m_PrefabInternal: {fileID: 0}
  m_GameObject: {fileID: 53980655}
  m_Material: {fileID: 0}
  m_IsTrigger: 0
  m_Enabled: 1
  serializedVersion: 2
  m_Size: {x: 1, y: 1, z: 1}
  m_Center: {x: 0, y: 0, z: 0}
--- !u!4 &53980657
Transform:
  m_ObjectHideFlags: 0
  m_PrefabParentObject: {fileID: 0}
  m_PrefabInternal: {fileID: 0}
  m_GameObject: {fileID: 53980655}
  m_LocalRotation: {x: -0.021970505, y: -0.001234559, z: -0.025545822, w: 0.99943143}
  m_LocalPosition: {x: 85.09, y: 1.21, z: 124.131}
  m_LocalScale: {x: 3.465697, y: 0.08243423, z: 3.5864303}
  m_Children: []
  m_Father: {fileID: 0}
  m_RootOrder: 5
--- !u!1 &67778424 stripped
GameObject:
  m_PrefabParentObject: {fileID: 101184, guid: d1beb22518bfaf648b7ef153c5bdb761, type: 2}
  m_PrefabInternal: {fileID: 666463125}
--- !u!4 &67778429 stripped
Transform:
  m_PrefabParentObject: {fileID: 470904, guid: d1beb22518bfaf648b7ef153c5bdb761, type: 2}
  m_PrefabInternal: {fileID: 666463125}
--- !u!1 &79808680
GameObject:
  m_ObjectHideFlags: 0
  m_PrefabParentObject: {fileID: 0}
  m_PrefabInternal: {fileID: 0}
  serializedVersion: 4
  m_Component:
  - 4: {fileID: 79808681}
  m_Layer: 0
  m_Name: Rail3
  m_TagString: Untagged
  m_Icon: {fileID: 0}
  m_NavMeshLayer: 0
  m_StaticEditorFlags: 0
  m_IsActive: 1
--- !u!4 &79808681
Transform:
  m_ObjectHideFlags: 0
  m_PrefabParentObject: {fileID: 0}
  m_PrefabInternal: {fileID: 0}
  m_GameObject: {fileID: 79808680}
  m_LocalRotation: {x: 0, y: 0, z: 0, w: 1}
  m_LocalPosition: {x: 2, y: 0, z: 0}
  m_LocalScale: {x: 1.5, y: 1, z: 1.5}
  m_Children: []
  m_Father: {fileID: 2011121847}
  m_RootOrder: 3
--- !u!1001 &93955006
Prefab:
  m_ObjectHideFlags: 0
  serializedVersion: 2
  m_Modification:
    m_TransformParent: {fileID: 406310244}
    m_Modifications:
    - target: {fileID: 448272, guid: d0e34c81e10f1c84b850e94651abf069, type: 2}
      propertyPath: m_LocalPosition.x
      value: 8.73
      objectReference: {fileID: 0}
    - target: {fileID: 448272, guid: d0e34c81e10f1c84b850e94651abf069, type: 2}
      propertyPath: m_LocalPosition.y
      value: 18.63
      objectReference: {fileID: 0}
    - target: {fileID: 448272, guid: d0e34c81e10f1c84b850e94651abf069, type: 2}
      propertyPath: m_LocalPosition.z
      value: 31.54
      objectReference: {fileID: 0}
    - target: {fileID: 448272, guid: d0e34c81e10f1c84b850e94651abf069, type: 2}
      propertyPath: m_LocalRotation.x
      value: 0
      objectReference: {fileID: 0}
    - target: {fileID: 448272, guid: d0e34c81e10f1c84b850e94651abf069, type: 2}
      propertyPath: m_LocalRotation.y
      value: 0.21479788
      objectReference: {fileID: 0}
    - target: {fileID: 448272, guid: d0e34c81e10f1c84b850e94651abf069, type: 2}
      propertyPath: m_LocalRotation.z
      value: 0
      objectReference: {fileID: 0}
    - target: {fileID: 448272, guid: d0e34c81e10f1c84b850e94651abf069, type: 2}
      propertyPath: m_LocalRotation.w
      value: 0.9766586
      objectReference: {fileID: 0}
    - target: {fileID: 448272, guid: d0e34c81e10f1c84b850e94651abf069, type: 2}
      propertyPath: m_RootOrder
      value: 6
      objectReference: {fileID: 0}
    - target: {fileID: 11426822, guid: d0e34c81e10f1c84b850e94651abf069, type: 2}
      propertyPath: associatedPoint
      value: 
      objectReference: {fileID: 1590891065}
    - target: {fileID: 5425074, guid: d0e34c81e10f1c84b850e94651abf069, type: 2}
      propertyPath: m_Mass
      value: 1
      objectReference: {fileID: 0}
    m_RemovedComponents: []
  m_ParentPrefab: {fileID: 100100000, guid: d0e34c81e10f1c84b850e94651abf069, type: 2}
  m_IsPrefabParent: 0
--- !u!1 &107369021
GameObject:
  m_ObjectHideFlags: 0
  m_PrefabParentObject: {fileID: 0}
  m_PrefabInternal: {fileID: 0}
  serializedVersion: 4
  m_Component:
  - 4: {fileID: 107369022}
  m_Layer: 0
  m_Name: Rail4
  m_TagString: Untagged
  m_Icon: {fileID: 0}
  m_NavMeshLayer: 0
  m_StaticEditorFlags: 0
  m_IsActive: 1
--- !u!4 &107369022
Transform:
  m_ObjectHideFlags: 0
  m_PrefabParentObject: {fileID: 0}
  m_PrefabInternal: {fileID: 0}
  m_GameObject: {fileID: 107369021}
  m_LocalRotation: {x: 0, y: 0, z: 0, w: 1}
  m_LocalPosition: {x: 4, y: 0, z: 0}
  m_LocalScale: {x: 1.5, y: 1, z: 1.5}
  m_Children: []
  m_Father: {fileID: 1590891064}
  m_RootOrder: 4
--- !u!1 &135032840
GameObject:
  m_ObjectHideFlags: 0
  m_PrefabParentObject: {fileID: 0}
  m_PrefabInternal: {fileID: 0}
  serializedVersion: 4
  m_Component:
  - 4: {fileID: 135032841}
  m_Layer: 0
  m_Name: Rocks
  m_TagString: Untagged
  m_Icon: {fileID: 0}
  m_NavMeshLayer: 0
  m_StaticEditorFlags: 0
  m_IsActive: 1
--- !u!4 &135032841
Transform:
  m_ObjectHideFlags: 0
  m_PrefabParentObject: {fileID: 0}
  m_PrefabInternal: {fileID: 0}
  m_GameObject: {fileID: 135032840}
  m_LocalRotation: {x: 0, y: 0, z: 0, w: 1}
  m_LocalPosition: {x: 0, y: 0, z: 0}
  m_LocalScale: {x: 1, y: 1, z: 1}
  m_Children:
  - {fileID: 1434298596}
  - {fileID: 9875690}
  - {fileID: 169437355}
  m_Father: {fileID: 406310244}
  m_RootOrder: 7
--- !u!1 &167619710
GameObject:
  m_ObjectHideFlags: 0
  m_PrefabParentObject: {fileID: 0}
  m_PrefabInternal: {fileID: 0}
  serializedVersion: 4
  m_Component:
  - 4: {fileID: 167619711}
  m_Layer: 0
  m_Name: Rail3
  m_TagString: Untagged
  m_Icon: {fileID: 0}
  m_NavMeshLayer: 0
  m_StaticEditorFlags: 0
  m_IsActive: 1
--- !u!4 &167619711
Transform:
  m_ObjectHideFlags: 0
  m_PrefabParentObject: {fileID: 0}
  m_PrefabInternal: {fileID: 0}
  m_GameObject: {fileID: 167619710}
  m_LocalRotation: {x: 0, y: 0, z: 0, w: 1}
  m_LocalPosition: {x: 2, y: 0, z: 0}
  m_LocalScale: {x: 1.5, y: 1, z: 1.5}
  m_Children: []
  m_Father: {fileID: 867871008}
  m_RootOrder: 3
--- !u!4 &167940587 stripped
Transform:
  m_PrefabParentObject: {fileID: 493696, guid: 4dc51937729e3d645a3ca6d0b496a6d6, type: 2}
  m_PrefabInternal: {fileID: 1803470002}
--- !u!1 &169437350 stripped
GameObject:
  m_PrefabParentObject: {fileID: 167736, guid: ca6d39d5f952c6f43a5944f7b49637e8, type: 2}
  m_PrefabInternal: {fileID: 1453192323}
--- !u!4 &169437355 stripped
Transform:
  m_PrefabParentObject: {fileID: 493326, guid: ca6d39d5f952c6f43a5944f7b49637e8, type: 2}
  m_PrefabInternal: {fileID: 1453192323}
--- !u!1 &188151284 stripped
GameObject:
  m_PrefabParentObject: {fileID: 150530, guid: d0e34c81e10f1c84b850e94651abf069, type: 2}
  m_PrefabInternal: {fileID: 259603525}
--- !u!4 &188151285 stripped
Transform:
  m_PrefabParentObject: {fileID: 448272, guid: d0e34c81e10f1c84b850e94651abf069, type: 2}
  m_PrefabInternal: {fileID: 259603525}
--- !u!1 &210627977
GameObject:
  m_ObjectHideFlags: 0
  m_PrefabParentObject: {fileID: 0}
  m_PrefabInternal: {fileID: 0}
  serializedVersion: 4
  m_Component:
  - 4: {fileID: 210627978}
  m_Layer: 0
  m_Name: Rail1
  m_TagString: Untagged
  m_Icon: {fileID: 0}
  m_NavMeshLayer: 0
  m_StaticEditorFlags: 0
  m_IsActive: 1
--- !u!4 &210627978
Transform:
  m_ObjectHideFlags: 0
  m_PrefabParentObject: {fileID: 0}
  m_PrefabInternal: {fileID: 0}
  m_GameObject: {fileID: 210627977}
  m_LocalRotation: {x: 0, y: 0, z: 0, w: 1}
  m_LocalPosition: {x: -2, y: 0, z: 0}
  m_LocalScale: {x: 1.5, y: 1, z: 1.5}
  m_Children: []
  m_Father: {fileID: 867871008}
  m_RootOrder: 1
--- !u!1 &252637464
GameObject:
  m_ObjectHideFlags: 0
  m_PrefabParentObject: {fileID: 0}
  m_PrefabInternal: {fileID: 0}
  serializedVersion: 4
  m_Component:
  - 4: {fileID: 252637468}
  - 33: {fileID: 252637467}
  - 64: {fileID: 252637466}
  - 23: {fileID: 252637465}
  m_Layer: 0
  m_Name: Quad
  m_TagString: Untagged
  m_Icon: {fileID: 0}
  m_NavMeshLayer: 0
  m_StaticEditorFlags: 0
  m_IsActive: 1
--- !u!23 &252637465
MeshRenderer:
  m_ObjectHideFlags: 0
  m_PrefabParentObject: {fileID: 0}
  m_PrefabInternal: {fileID: 0}
  m_GameObject: {fileID: 252637464}
  m_Enabled: 1
  m_CastShadows: 0
  m_ReceiveShadows: 0
  m_Materials:
  - {fileID: 2100000, guid: 7d43fd312447b0e4cadf0094957b3fa8, type: 2}
  m_SubsetIndices: 
  m_StaticBatchRoot: {fileID: 0}
  m_UseLightProbes: 1
  m_ReflectionProbeUsage: 1
  m_ProbeAnchor: {fileID: 0}
  m_ScaleInLightmap: 1
  m_PreserveUVs: 1
  m_IgnoreNormalsForChartDetection: 0
  m_ImportantGI: 0
  m_MinimumChartSize: 4
  m_AutoUVMaxDistance: 0.5
  m_AutoUVMaxAngle: 89
  m_LightmapParameters: {fileID: 0}
  m_SortingLayerID: 0
  m_SortingOrder: 0
--- !u!64 &252637466
MeshCollider:
  m_ObjectHideFlags: 0
  m_PrefabParentObject: {fileID: 0}
  m_PrefabInternal: {fileID: 0}
  m_GameObject: {fileID: 252637464}
  m_Material: {fileID: 0}
  m_IsTrigger: 0
  m_Enabled: 1
  serializedVersion: 2
  m_Convex: 0
  m_Mesh: {fileID: 10210, guid: 0000000000000000e000000000000000, type: 0}
--- !u!33 &252637467
MeshFilter:
  m_ObjectHideFlags: 0
  m_PrefabParentObject: {fileID: 0}
  m_PrefabInternal: {fileID: 0}
  m_GameObject: {fileID: 252637464}
  m_Mesh: {fileID: 10210, guid: 0000000000000000e000000000000000, type: 0}
--- !u!4 &252637468
Transform:
  m_ObjectHideFlags: 0
  m_PrefabParentObject: {fileID: 0}
  m_PrefabInternal: {fileID: 0}
  m_GameObject: {fileID: 252637464}
  m_LocalRotation: {x: 0.70710665, y: 0, z: 0, w: 0.70710695}
  m_LocalPosition: {x: 0, y: -3, z: 0}
  m_LocalScale: {x: 1012.50085, y: 1012.49994, z: 1012.49994}
  m_Children: []
  m_Father: {fileID: 0}
  m_RootOrder: 4
--- !u!1001 &259603525
Prefab:
  m_ObjectHideFlags: 0
  serializedVersion: 2
  m_Modification:
    m_TransformParent: {fileID: 406310244}
    m_Modifications:
    - target: {fileID: 448272, guid: d0e34c81e10f1c84b850e94651abf069, type: 2}
      propertyPath: m_LocalPosition.x
      value: 8.73
      objectReference: {fileID: 0}
    - target: {fileID: 448272, guid: d0e34c81e10f1c84b850e94651abf069, type: 2}
      propertyPath: m_LocalPosition.y
      value: 15.6
      objectReference: {fileID: 0}
    - target: {fileID: 448272, guid: d0e34c81e10f1c84b850e94651abf069, type: 2}
      propertyPath: m_LocalPosition.z
      value: 31.54
      objectReference: {fileID: 0}
    - target: {fileID: 448272, guid: d0e34c81e10f1c84b850e94651abf069, type: 2}
      propertyPath: m_LocalRotation.x
      value: 0
      objectReference: {fileID: 0}
    - target: {fileID: 448272, guid: d0e34c81e10f1c84b850e94651abf069, type: 2}
      propertyPath: m_LocalRotation.y
      value: 0.21479788
      objectReference: {fileID: 0}
    - target: {fileID: 448272, guid: d0e34c81e10f1c84b850e94651abf069, type: 2}
      propertyPath: m_LocalRotation.z
      value: 0
      objectReference: {fileID: 0}
    - target: {fileID: 448272, guid: d0e34c81e10f1c84b850e94651abf069, type: 2}
      propertyPath: m_LocalRotation.w
      value: 0.9766586
      objectReference: {fileID: 0}
    - target: {fileID: 448272, guid: d0e34c81e10f1c84b850e94651abf069, type: 2}
      propertyPath: m_RootOrder
      value: 3
      objectReference: {fileID: 0}
    - target: {fileID: 11426822, guid: d0e34c81e10f1c84b850e94651abf069, type: 2}
      propertyPath: associatedPoint
      value: 
      objectReference: {fileID: 1590891065}
    - target: {fileID: 5425074, guid: d0e34c81e10f1c84b850e94651abf069, type: 2}
      propertyPath: m_Mass
      value: 1
      objectReference: {fileID: 0}
    m_RemovedComponents: []
  m_ParentPrefab: {fileID: 100100000, guid: d0e34c81e10f1c84b850e94651abf069, type: 2}
  m_IsPrefabParent: 0
--- !u!1 &298484645
GameObject:
  m_ObjectHideFlags: 0
  m_PrefabParentObject: {fileID: 0}
  m_PrefabInternal: {fileID: 0}
  serializedVersion: 4
  m_Component:
  - 4: {fileID: 298484646}
  m_Layer: 0
  m_Name: GameObject (1)
  m_TagString: Untagged
  m_Icon: {fileID: 0}
  m_NavMeshLayer: 0
  m_StaticEditorFlags: 0
  m_IsActive: 1
--- !u!4 &298484646
Transform:
  m_ObjectHideFlags: 0
  m_PrefabParentObject: {fileID: 0}
  m_PrefabInternal: {fileID: 0}
  m_GameObject: {fileID: 298484645}
  m_LocalRotation: {x: 0, y: 0, z: 0, w: 1}
  m_LocalPosition: {x: -9.656071, y: 2.0491114, z: -1.0705433}
  m_LocalScale: {x: 1, y: 1, z: 1}
  m_Children: []
  m_Father: {fileID: 0}
  m_RootOrder: 7
--- !u!1 &406310243
GameObject:
  m_ObjectHideFlags: 0
  m_PrefabParentObject: {fileID: 0}
  m_PrefabInternal: {fileID: 0}
  serializedVersion: 4
  m_Component:
  - 4: {fileID: 406310244}
  m_Layer: 0
  m_Name: Entities
  m_TagString: Untagged
  m_Icon: {fileID: 0}
  m_NavMeshLayer: 0
  m_StaticEditorFlags: 0
  m_IsActive: 1
--- !u!4 &406310244
Transform:
  m_ObjectHideFlags: 0
  m_PrefabParentObject: {fileID: 0}
  m_PrefabInternal: {fileID: 0}
  m_GameObject: {fileID: 406310243}
  m_LocalRotation: {x: 0, y: 0, z: 0, w: 1}
  m_LocalPosition: {x: 0, y: 0, z: 0}
  m_LocalScale: {x: 1, y: 1, z: 1}
  m_Children:
  - {fileID: 1767250820}
  - {fileID: 67778429}
  - {fileID: 1846165652}
  - {fileID: 188151285}
  - {fileID: 1324409842}
  - {fileID: 625702945}
  - {fileID: 870836917}
  - {fileID: 135032841}
  m_Father: {fileID: 0}
  m_RootOrder: 1
--- !u!1 &415864165
GameObject:
  m_ObjectHideFlags: 0
  m_PrefabParentObject: {fileID: 0}
  m_PrefabInternal: {fileID: 0}
  serializedVersion: 4
  m_Component:
  - 4: {fileID: 415864167}
  - 114: {fileID: 415864166}
  m_Layer: 0
  m_Name: ROAD
  m_TagString: Untagged
  m_Icon: {fileID: 0}
  m_NavMeshLayer: 0
  m_StaticEditorFlags: 0
  m_IsActive: 1
--- !u!114 &415864166
MonoBehaviour:
  m_ObjectHideFlags: 0
  m_PrefabParentObject: {fileID: 0}
  m_PrefabInternal: {fileID: 0}
  m_GameObject: {fileID: 415864165}
  m_Enabled: 1
  m_EditorHideFlags: 0
  m_Script: {fileID: 11500000, guid: daa54327066ace0479cc8a4562ca258c, type: 3}
  m_Name: 
  m_EditorClassIdentifier: 
  rail: {fileID: 144416, guid: cb4a69cca133db545bc649400b8388ba, type: 2}
  rotationArea: {fileID: 166634, guid: db8299f7ae06fdc48a966de7bc1970d0, type: 2}
  loopRequisitesController: {fileID: 0}
  blankContainer: {fileID: 1198038833}
  points:
  - {fileID: 1590891065}
  - {fileID: 1460109271}
  - {fileID: 867871007}
  - {fileID: 2011121846}
  roadPartsSystemEnabled: 0
  actualLimitPoint: -1
  oldLimitPoint: -1
  needToDisable: 0
  modulesPath: Assets/Prefabs/Modules/
  entitiesPath: Assets/Prefabs/Entities/
  entitiesContainer: {fileID: 406310243}
  modulesContainer: {fileID: 1395271352}
--- !u!4 &415864167
Transform:
  m_ObjectHideFlags: 0
  m_PrefabParentObject: {fileID: 0}
  m_PrefabInternal: {fileID: 0}
  m_GameObject: {fileID: 415864165}
  m_LocalRotation: {x: 0, y: 0, z: 0, w: 1}
  m_LocalPosition: {x: 0, y: 0, z: -14.52}
  m_LocalScale: {x: 1, y: 1, z: 1}
  m_Children:
  - {fileID: 1198038834}
  m_Father: {fileID: 0}
  m_RootOrder: 6
--- !u!1 &432434748
GameObject:
  m_ObjectHideFlags: 0
  m_PrefabParentObject: {fileID: 0}
  m_PrefabInternal: {fileID: 0}
  serializedVersion: 4
  m_Component:
  - 4: {fileID: 432434749}
  m_Layer: 0
  m_Name: Rail4
  m_TagString: Untagged
  m_Icon: {fileID: 0}
  m_NavMeshLayer: 0
  m_StaticEditorFlags: 0
  m_IsActive: 1
--- !u!4 &432434749
Transform:
  m_ObjectHideFlags: 0
  m_PrefabParentObject: {fileID: 0}
  m_PrefabInternal: {fileID: 0}
  m_GameObject: {fileID: 432434748}
  m_LocalRotation: {x: 0, y: 0, z: 0, w: 1}
  m_LocalPosition: {x: 4, y: 0, z: 0}
  m_LocalScale: {x: 1.5, y: 1, z: 1.5}
  m_Children: []
  m_Father: {fileID: 1460109272}
  m_RootOrder: 4
--- !u!1 &458382980
GameObject:
  m_ObjectHideFlags: 0
  m_PrefabParentObject: {fileID: 0}
  m_PrefabInternal: {fileID: 0}
  serializedVersion: 4
  m_Component:
  - 4: {fileID: 458382981}
  m_Layer: 0
  m_Name: Rail2
  m_TagString: Untagged
  m_Icon: {fileID: 0}
  m_NavMeshLayer: 0
  m_StaticEditorFlags: 0
  m_IsActive: 1
--- !u!4 &458382981
Transform:
  m_ObjectHideFlags: 0
  m_PrefabParentObject: {fileID: 0}
  m_PrefabInternal: {fileID: 0}
  m_GameObject: {fileID: 458382980}
  m_LocalRotation: {x: 0, y: 0, z: 0, w: 1}
  m_LocalPosition: {x: 0, y: 0, z: 0}
  m_LocalScale: {x: 1.5, y: 1, z: 1.5}
  m_Children: []
  m_Father: {fileID: 867871008}
  m_RootOrder: 2
--- !u!1 &464257158
GameObject:
  m_ObjectHideFlags: 0
  m_PrefabParentObject: {fileID: 0}
  m_PrefabInternal: {fileID: 0}
  serializedVersion: 4
  m_Component:
  - 4: {fileID: 464257160}
  - 108: {fileID: 464257159}
  m_Layer: 0
  m_Name: Directional Light
  m_TagString: Untagged
  m_Icon: {fileID: 0}
  m_NavMeshLayer: 0
  m_StaticEditorFlags: 0
  m_IsActive: 1
--- !u!108 &464257159
Light:
  m_ObjectHideFlags: 0
  m_PrefabParentObject: {fileID: 0}
  m_PrefabInternal: {fileID: 0}
  m_GameObject: {fileID: 464257158}
  m_Enabled: 1
  serializedVersion: 6
  m_Type: 1
  m_Color: {r: 1, g: 0.95686275, b: 0.8392157, a: 1}
  m_Intensity: 1
  m_Range: 10
  m_SpotAngle: 30
  m_CookieSize: 10
  m_Shadows:
    m_Type: 0
    m_Resolution: -1
    m_Strength: 1
    m_Bias: 0.05
    m_NormalBias: 0.4
    m_NearPlane: 0.2
  m_Cookie: {fileID: 0}
  m_DrawHalo: 0
  m_Flare: {fileID: 0}
  m_RenderMode: 0
  m_CullingMask:
    serializedVersion: 2
    m_Bits: 4294967295
  m_Lightmapping: 1
  m_BounceIntensity: 1
  m_ShadowRadius: 0
  m_ShadowAngle: 0
  m_AreaSize: {x: 1, y: 1}
--- !u!4 &464257160
Transform:
  m_ObjectHideFlags: 0
  m_PrefabParentObject: {fileID: 0}
  m_PrefabInternal: {fileID: 0}
  m_GameObject: {fileID: 464257158}
  m_LocalRotation: {x: 0.40821794, y: -0.23456973, z: 0.109381676, w: 0.87542605}
  m_LocalPosition: {x: 0, y: 3, z: 0}
  m_LocalScale: {x: 1, y: 1, z: 1}
  m_Children: []
  m_Father: {fileID: 0}
  m_RootOrder: 0
--- !u!1 &501247858
GameObject:
  m_ObjectHideFlags: 0
  m_PrefabParentObject: {fileID: 0}
  m_PrefabInternal: {fileID: 0}
  serializedVersion: 4
  m_Component:
  - 4: {fileID: 501247859}
  m_Layer: 0
  m_Name: Rail4
  m_TagString: Untagged
  m_Icon: {fileID: 0}
  m_NavMeshLayer: 0
  m_StaticEditorFlags: 0
  m_IsActive: 1
--- !u!4 &501247859
Transform:
  m_ObjectHideFlags: 0
  m_PrefabParentObject: {fileID: 0}
  m_PrefabInternal: {fileID: 0}
  m_GameObject: {fileID: 501247858}
  m_LocalRotation: {x: 0, y: 0, z: 0, w: 1}
  m_LocalPosition: {x: 4, y: 0, z: 0}
  m_LocalScale: {x: 1.5, y: 1, z: 1.5}
  m_Children: []
  m_Father: {fileID: 2011121847}
  m_RootOrder: 4
--- !u!1 &503886807
GameObject:
  m_ObjectHideFlags: 0
  m_PrefabParentObject: {fileID: 0}
  m_PrefabInternal: {fileID: 0}
  serializedVersion: 4
  m_Component:
  - 4: {fileID: 503886808}
  m_Layer: 0
  m_Name: Rail4
  m_TagString: Untagged
  m_Icon: {fileID: 0}
  m_NavMeshLayer: 0
  m_StaticEditorFlags: 0
  m_IsActive: 1
--- !u!4 &503886808
Transform:
  m_ObjectHideFlags: 0
  m_PrefabParentObject: {fileID: 0}
  m_PrefabInternal: {fileID: 0}
  m_GameObject: {fileID: 503886807}
  m_LocalRotation: {x: 0, y: 0, z: 0, w: 1}
  m_LocalPosition: {x: 4, y: 0, z: 0}
  m_LocalScale: {x: 1.5, y: 1, z: 1.5}
  m_Children: []
  m_Father: {fileID: 867871008}
  m_RootOrder: 4
--- !u!1001 &516231586
Prefab:
  m_ObjectHideFlags: 0
  serializedVersion: 2
  m_Modification:
    m_TransformParent: {fileID: 406310244}
    m_Modifications:
    - target: {fileID: 448272, guid: d0e34c81e10f1c84b850e94651abf069, type: 2}
      propertyPath: m_LocalPosition.x
      value: 8.73
      objectReference: {fileID: 0}
    - target: {fileID: 448272, guid: d0e34c81e10f1c84b850e94651abf069, type: 2}
      propertyPath: m_LocalPosition.y
      value: 17.62
      objectReference: {fileID: 0}
    - target: {fileID: 448272, guid: d0e34c81e10f1c84b850e94651abf069, type: 2}
      propertyPath: m_LocalPosition.z
      value: 31.54
      objectReference: {fileID: 0}
    - target: {fileID: 448272, guid: d0e34c81e10f1c84b850e94651abf069, type: 2}
      propertyPath: m_LocalRotation.x
      value: 0
      objectReference: {fileID: 0}
    - target: {fileID: 448272, guid: d0e34c81e10f1c84b850e94651abf069, type: 2}
      propertyPath: m_LocalRotation.y
      value: 0.21479788
      objectReference: {fileID: 0}
    - target: {fileID: 448272, guid: d0e34c81e10f1c84b850e94651abf069, type: 2}
      propertyPath: m_LocalRotation.z
      value: 0
      objectReference: {fileID: 0}
    - target: {fileID: 448272, guid: d0e34c81e10f1c84b850e94651abf069, type: 2}
      propertyPath: m_LocalRotation.w
      value: 0.9766586
      objectReference: {fileID: 0}
    - target: {fileID: 448272, guid: d0e34c81e10f1c84b850e94651abf069, type: 2}
      propertyPath: m_RootOrder
      value: 5
      objectReference: {fileID: 0}
    - target: {fileID: 11426822, guid: d0e34c81e10f1c84b850e94651abf069, type: 2}
      propertyPath: associatedPoint
      value: 
      objectReference: {fileID: 1590891065}
    - target: {fileID: 5425074, guid: d0e34c81e10f1c84b850e94651abf069, type: 2}
      propertyPath: m_Mass
      value: 1
      objectReference: {fileID: 0}
    m_RemovedComponents: []
  m_ParentPrefab: {fileID: 100100000, guid: d0e34c81e10f1c84b850e94651abf069, type: 2}
  m_IsPrefabParent: 0
--- !u!1001 &567706914
Prefab:
  m_ObjectHideFlags: 0
  serializedVersion: 2
  m_Modification:
    m_TransformParent: {fileID: 135032841}
    m_Modifications:
    - target: {fileID: 497550, guid: 7b881dbb4886f0642bdab4915fe03965, type: 2}
      propertyPath: m_LocalPosition.x
      value: 6.317792
      objectReference: {fileID: 0}
    - target: {fileID: 497550, guid: 7b881dbb4886f0642bdab4915fe03965, type: 2}
      propertyPath: m_LocalPosition.y
      value: -1
      objectReference: {fileID: 0}
    - target: {fileID: 497550, guid: 7b881dbb4886f0642bdab4915fe03965, type: 2}
      propertyPath: m_LocalPosition.z
      value: 15.174238
      objectReference: {fileID: 0}
    - target: {fileID: 497550, guid: 7b881dbb4886f0642bdab4915fe03965, type: 2}
      propertyPath: m_LocalRotation.x
      value: 0
      objectReference: {fileID: 0}
    - target: {fileID: 497550, guid: 7b881dbb4886f0642bdab4915fe03965, type: 2}
      propertyPath: m_LocalRotation.y
      value: 0.121726595
      objectReference: {fileID: 0}
    - target: {fileID: 497550, guid: 7b881dbb4886f0642bdab4915fe03965, type: 2}
      propertyPath: m_LocalRotation.z
      value: 0
      objectReference: {fileID: 0}
    - target: {fileID: 497550, guid: 7b881dbb4886f0642bdab4915fe03965, type: 2}
      propertyPath: m_LocalRotation.w
      value: 0.9925637
      objectReference: {fileID: 0}
    - target: {fileID: 497550, guid: 7b881dbb4886f0642bdab4915fe03965, type: 2}
      propertyPath: m_RootOrder
      value: 0
      objectReference: {fileID: 0}
    - target: {fileID: 11468914, guid: 7b881dbb4886f0642bdab4915fe03965, type: 2}
      propertyPath: associatedPoint
      value: 
      objectReference: {fileID: 1590891065}
    m_RemovedComponents: []
  m_ParentPrefab: {fileID: 100100000, guid: 7b881dbb4886f0642bdab4915fe03965, type: 2}
  m_IsPrefabParent: 0
--- !u!1 &625702944 stripped
GameObject:
  m_PrefabParentObject: {fileID: 150530, guid: d0e34c81e10f1c84b850e94651abf069, type: 2}
  m_PrefabInternal: {fileID: 516231586}
--- !u!4 &625702945 stripped
Transform:
  m_PrefabParentObject: {fileID: 448272, guid: d0e34c81e10f1c84b850e94651abf069, type: 2}
  m_PrefabInternal: {fileID: 516231586}
--- !u!1001 &666463125
Prefab:
  m_ObjectHideFlags: 0
  serializedVersion: 2
  m_Modification:
    m_TransformParent: {fileID: 406310244}
    m_Modifications:
    - target: {fileID: 470904, guid: d1beb22518bfaf648b7ef153c5bdb761, type: 2}
      propertyPath: m_LocalPosition.x
      value: -0.17995335
      objectReference: {fileID: 0}
    - target: {fileID: 470904, guid: d1beb22518bfaf648b7ef153c5bdb761, type: 2}
      propertyPath: m_LocalPosition.y
      value: -1
      objectReference: {fileID: 0}
    - target: {fileID: 470904, guid: d1beb22518bfaf648b7ef153c5bdb761, type: 2}
      propertyPath: m_LocalPosition.z
      value: 49.68
      objectReference: {fileID: 0}
    - target: {fileID: 470904, guid: d1beb22518bfaf648b7ef153c5bdb761, type: 2}
      propertyPath: m_LocalRotation.x
      value: 0
      objectReference: {fileID: 0}
    - target: {fileID: 470904, guid: d1beb22518bfaf648b7ef153c5bdb761, type: 2}
      propertyPath: m_LocalRotation.y
      value: -0.06861579
      objectReference: {fileID: 0}
    - target: {fileID: 470904, guid: d1beb22518bfaf648b7ef153c5bdb761, type: 2}
      propertyPath: m_LocalRotation.z
      value: 0
      objectReference: {fileID: 0}
    - target: {fileID: 470904, guid: d1beb22518bfaf648b7ef153c5bdb761, type: 2}
      propertyPath: m_LocalRotation.w
      value: 0.9976432
      objectReference: {fileID: 0}
    - target: {fileID: 470904, guid: d1beb22518bfaf648b7ef153c5bdb761, type: 2}
      propertyPath: m_RootOrder
      value: 1
      objectReference: {fileID: 0}
    - target: {fileID: 11410984, guid: d1beb22518bfaf648b7ef153c5bdb761, type: 2}
      propertyPath: associatedPoint
      value: 
      objectReference: {fileID: 1590891065}
    m_RemovedComponents: []
  m_ParentPrefab: {fileID: 100100000, guid: d1beb22518bfaf648b7ef153c5bdb761, type: 2}
  m_IsPrefabParent: 0
--- !u!1 &689766930
GameObject:
  m_ObjectHideFlags: 0
  m_PrefabParentObject: {fileID: 0}
  m_PrefabInternal: {fileID: 0}
  serializedVersion: 4
  m_Component:
  - 4: {fileID: 689766931}
  m_Layer: 0
  m_Name: PlayerSetup
  m_TagString: Untagged
  m_Icon: {fileID: 0}
  m_NavMeshLayer: 0
  m_StaticEditorFlags: 0
  m_IsActive: 1
--- !u!4 &689766931
Transform:
  m_ObjectHideFlags: 0
  m_PrefabParentObject: {fileID: 0}
  m_PrefabInternal: {fileID: 0}
  m_GameObject: {fileID: 689766930}
  m_LocalRotation: {x: 0, y: 0, z: 0, w: 1}
  m_LocalPosition: {x: 0, y: 0, z: -14.52}
  m_LocalScale: {x: 1, y: 1, z: 1}
  m_Children:
  - {fileID: 787506203}
  - {fileID: 935647954}
  - {fileID: 1582065393}
  m_Father: {fileID: 0}
  m_RootOrder: 3
--- !u!1 &778121170 stripped
GameObject:
  m_PrefabParentObject: {fileID: 165846, guid: a24042a70c779d04db73717b1872b249, type: 2}
  m_PrefabInternal: {fileID: 1583525079}
--- !u!114 &778121175
MonoBehaviour:
  m_ObjectHideFlags: 0
  m_PrefabParentObject: {fileID: 0}
  m_PrefabInternal: {fileID: 0}
  m_GameObject: {fileID: 778121170}
  m_Enabled: 1
  m_EditorHideFlags: 0
  m_Script: {fileID: 11500000, guid: e1eb08826ba3f4645a7d1acf43e5dcc1, type: 3}
  m_Name: 
  m_EditorClassIdentifier: 
  totalScore: 0
  multiplier: 1
  hits: 0
  hitsPerMultiplier: 5
--- !u!114 &778121176
MonoBehaviour:
  m_ObjectHideFlags: 0
  m_PrefabParentObject: {fileID: 0}
  m_PrefabInternal: {fileID: 0}
  m_GameObject: {fileID: 778121170}
  m_Enabled: 1
  m_EditorHideFlags: 0
  m_Script: {fileID: 11500000, guid: dd5627f7cc72c1849bbb65b5b072388d, type: 3}
  m_Name: 
  m_EditorClassIdentifier: 
  gameOver: {fileID: 1058220534}
--- !u!114 &787506201 stripped
MonoBehaviour:
  m_PrefabParentObject: {fileID: 11494264, guid: f13ca11d6fd18fd4fa04d35c7645471d,
    type: 2}
  m_PrefabInternal: {fileID: 31933211}
  m_Script: {fileID: 11500000, guid: f6d1d6b68d9168b47bcb451d92f396e2, type: 3}
--- !u!4 &787506203 stripped
Transform:
  m_PrefabParentObject: {fileID: 432280, guid: f13ca11d6fd18fd4fa04d35c7645471d, type: 2}
  m_PrefabInternal: {fileID: 31933211}
--- !u!1 &805115364
GameObject:
  m_ObjectHideFlags: 0
  m_PrefabParentObject: {fileID: 0}
  m_PrefabInternal: {fileID: 0}
  serializedVersion: 4
  m_Component:
  - 4: {fileID: 805115365}
  m_Layer: 0
  m_Name: Rail2
  m_TagString: Untagged
  m_Icon: {fileID: 0}
  m_NavMeshLayer: 0
  m_StaticEditorFlags: 0
  m_IsActive: 1
--- !u!4 &805115365
Transform:
  m_ObjectHideFlags: 0
  m_PrefabParentObject: {fileID: 0}
  m_PrefabInternal: {fileID: 0}
  m_GameObject: {fileID: 805115364}
  m_LocalRotation: {x: 0, y: 0, z: 0, w: 1}
  m_LocalPosition: {x: 0, y: 0, z: 0}
  m_LocalScale: {x: 1.5, y: 1, z: 1.5}
  m_Children: []
  m_Father: {fileID: 1590891064}
  m_RootOrder: 2
--- !u!1 &867871006
GameObject:
  m_ObjectHideFlags: 0
  m_PrefabParentObject: {fileID: 0}
  m_PrefabInternal: {fileID: 0}
  serializedVersion: 4
  m_Component:
  - 4: {fileID: 867871008}
  - 114: {fileID: 867871007}
  m_Layer: 0
  m_Name: 5Rails(Clone)
  m_TagString: Untagged
  m_Icon: {fileID: 0}
  m_NavMeshLayer: 0
  m_StaticEditorFlags: 0
  m_IsActive: 1
--- !u!114 &867871007
MonoBehaviour:
  m_ObjectHideFlags: 0
  m_PrefabParentObject: {fileID: 0}
  m_PrefabInternal: {fileID: 0}
  m_GameObject: {fileID: 867871006}
  m_Enabled: 1
  m_EditorHideFlags: 0
  m_Script: {fileID: 11500000, guid: 18899cea572a9bc499c376d784736451, type: 3}
  m_Name: 
  m_EditorClassIdentifier: 
  road: {fileID: 415864166}
  rails:
  - {fileID: 1472225733}
  - {fileID: 210627978}
  - {fileID: 458382981}
  - {fileID: 167619711}
  - {fileID: 503886808}
  isTurnNode: 1
  masterTurn: 0
  isLimitPoint: 0
  slaveNode: {fileID: 0}
  rotationArea: {fileID: 0}
  pivotOffset: 0
  turnPivotCenter: {x: 0, y: 0, z: 0}
  turnPivotAxis: 1
  turnPivotDirection: 0
  turnAngle: 0
  moduleOnPoint: {fileID: 0}
  entitiesOnPoint: []
  localEntitiesPositions: []
--- !u!4 &867871008
Transform:
  m_ObjectHideFlags: 0
  m_PrefabParentObject: {fileID: 0}
  m_PrefabInternal: {fileID: 0}
  m_GameObject: {fileID: 867871006}
  m_LocalRotation: {x: 0, y: 0.7071068, z: 0, w: 0.70710677}
  m_LocalPosition: {x: 25.199999, y: 0, z: 25.199997}
  m_LocalScale: {x: 1, y: 1, z: 1}
  m_Children:
  - {fileID: 1472225733}
  - {fileID: 210627978}
  - {fileID: 458382981}
  - {fileID: 167619711}
  - {fileID: 503886808}
  - {fileID: 2011121847}
  m_Father: {fileID: 1460109272}
  m_RootOrder: 6
--- !u!1 &870836910 stripped
GameObject:
  m_PrefabParentObject: {fileID: 150530, guid: d0e34c81e10f1c84b850e94651abf069, type: 2}
  m_PrefabInternal: {fileID: 93955006}
--- !u!4 &870836917 stripped
Transform:
  m_PrefabParentObject: {fileID: 448272, guid: d0e34c81e10f1c84b850e94651abf069, type: 2}
  m_PrefabInternal: {fileID: 93955006}
--- !u!1 &926714962
GameObject:
  m_ObjectHideFlags: 0
  m_PrefabParentObject: {fileID: 0}
  m_PrefabInternal: {fileID: 0}
  serializedVersion: 4
  m_Component:
  - 4: {fileID: 926714963}
  m_Layer: 0
  m_Name: Rail2
  m_TagString: Untagged
  m_Icon: {fileID: 0}
  m_NavMeshLayer: 0
  m_StaticEditorFlags: 0
  m_IsActive: 1
--- !u!4 &926714963
Transform:
  m_ObjectHideFlags: 0
  m_PrefabParentObject: {fileID: 0}
  m_PrefabInternal: {fileID: 0}
  m_GameObject: {fileID: 926714962}
  m_LocalRotation: {x: 0, y: 0, z: 0, w: 1}
  m_LocalPosition: {x: 0, y: 0, z: 0}
  m_LocalScale: {x: 1.5, y: 1, z: 1.5}
  m_Children: []
  m_Father: {fileID: 1460109272}
  m_RootOrder: 2
--- !u!4 &935647954 stripped
Transform:
  m_PrefabParentObject: {fileID: 455458, guid: 4dc51937729e3d645a3ca6d0b496a6d6, type: 2}
  m_PrefabInternal: {fileID: 1803470002}
--- !u!1 &1012272896
GameObject:
  m_ObjectHideFlags: 0
  m_PrefabParentObject: {fileID: 0}
  m_PrefabInternal: {fileID: 0}
  serializedVersion: 4
  m_Component:
  - 4: {fileID: 1012272897}
  m_Layer: 0
  m_Name: Rail3
  m_TagString: Untagged
  m_Icon: {fileID: 0}
  m_NavMeshLayer: 0
  m_StaticEditorFlags: 0
  m_IsActive: 1
--- !u!4 &1012272897
Transform:
  m_ObjectHideFlags: 0
  m_PrefabParentObject: {fileID: 0}
  m_PrefabInternal: {fileID: 0}
  m_GameObject: {fileID: 1012272896}
  m_LocalRotation: {x: 0, y: 0, z: 0, w: 1}
  m_LocalPosition: {x: 2, y: 0, z: 0}
  m_LocalScale: {x: 1.5, y: 1, z: 1.5}
  m_Children: []
  m_Father: {fileID: 1460109272}
  m_RootOrder: 3
--- !u!1 &1058220534 stripped
GameObject:
  m_PrefabParentObject: {fileID: 150348, guid: a24042a70c779d04db73717b1872b249, type: 2}
  m_PrefabInternal: {fileID: 1583525079}
--- !u!1 &1198038833
GameObject:
  m_ObjectHideFlags: 1
  m_PrefabParentObject: {fileID: 0}
  m_PrefabInternal: {fileID: 0}
  serializedVersion: 4
  m_Component:
  - 4: {fileID: 1198038834}
  m_Layer: 0
  m_Name: Blank
  m_TagString: Untagged
  m_Icon: {fileID: 0}
  m_NavMeshLayer: 0
  m_StaticEditorFlags: 0
  m_IsActive: 1
--- !u!4 &1198038834
Transform:
  m_ObjectHideFlags: 1
  m_PrefabParentObject: {fileID: 0}
  m_PrefabInternal: {fileID: 0}
  m_GameObject: {fileID: 1198038833}
  m_LocalRotation: {x: 0, y: 0, z: 0, w: 1}
  m_LocalPosition: {x: 0, y: 0, z: 0}
  m_LocalScale: {x: 1, y: 1, z: 1}
  m_Children:
  - {fileID: 1590891064}
  m_Father: {fileID: 415864167}
  m_RootOrder: 0
--- !u!1 &1324409841 stripped
GameObject:
  m_PrefabParentObject: {fileID: 150530, guid: d0e34c81e10f1c84b850e94651abf069, type: 2}
  m_PrefabInternal: {fileID: 1517420268}
--- !u!4 &1324409842 stripped
Transform:
  m_PrefabParentObject: {fileID: 448272, guid: d0e34c81e10f1c84b850e94651abf069, type: 2}
  m_PrefabInternal: {fileID: 1517420268}
--- !u!1 &1334353197
GameObject:
  m_ObjectHideFlags: 0
  m_PrefabParentObject: {fileID: 0}
  m_PrefabInternal: {fileID: 0}
  serializedVersion: 4
  m_Component:
  - 4: {fileID: 1334353198}
  m_Layer: 0
  m_Name: Rail0
  m_TagString: Untagged
  m_Icon: {fileID: 0}
  m_NavMeshLayer: 0
  m_StaticEditorFlags: 0
  m_IsActive: 1
--- !u!4 &1334353198
Transform:
  m_ObjectHideFlags: 0
  m_PrefabParentObject: {fileID: 0}
  m_PrefabInternal: {fileID: 0}
  m_GameObject: {fileID: 1334353197}
  m_LocalRotation: {x: 0, y: 0, z: 0, w: 1}
  m_LocalPosition: {x: -4, y: 0, z: 0}
  m_LocalScale: {x: 1.5, y: 1, z: 1.5}
  m_Children: []
  m_Father: {fileID: 1590891064}
  m_RootOrder: 0
--- !u!1 &1395271352
GameObject:
  m_ObjectHideFlags: 0
  m_PrefabParentObject: {fileID: 0}
  m_PrefabInternal: {fileID: 0}
  serializedVersion: 4
  m_Component:
  - 4: {fileID: 1395271353}
  m_Layer: 0
  m_Name: Modules
  m_TagString: Untagged
  m_Icon: {fileID: 0}
  m_NavMeshLayer: 0
  m_StaticEditorFlags: 0
  m_IsActive: 1
--- !u!4 &1395271353
Transform:
  m_ObjectHideFlags: 0
  m_PrefabParentObject: {fileID: 0}
  m_PrefabInternal: {fileID: 0}
  m_GameObject: {fileID: 1395271352}
  m_LocalRotation: {x: 0, y: 0, z: 0, w: 1}
  m_LocalPosition: {x: 0, y: 0, z: 0}
  m_LocalScale: {x: 1, y: 1, z: 1}
  m_Children: []
  m_Father: {fileID: 0}
  m_RootOrder: 2
--- !u!1 &1434298591 stripped
GameObject:
  m_PrefabParentObject: {fileID: 171288, guid: 7b881dbb4886f0642bdab4915fe03965, type: 2}
  m_PrefabInternal: {fileID: 567706914}
--- !u!4 &1434298596 stripped
Transform:
  m_PrefabParentObject: {fileID: 497550, guid: 7b881dbb4886f0642bdab4915fe03965, type: 2}
  m_PrefabInternal: {fileID: 567706914}
--- !u!1001 &1453192323
Prefab:
  m_ObjectHideFlags: 0
  serializedVersion: 2
  m_Modification:
    m_TransformParent: {fileID: 135032841}
    m_Modifications:
    - target: {fileID: 493326, guid: ca6d39d5f952c6f43a5944f7b49637e8, type: 2}
      propertyPath: m_LocalPosition.x
      value: 10.32
      objectReference: {fileID: 0}
    - target: {fileID: 493326, guid: ca6d39d5f952c6f43a5944f7b49637e8, type: 2}
      propertyPath: m_LocalPosition.y
      value: -1
      objectReference: {fileID: 0}
    - target: {fileID: 493326, guid: ca6d39d5f952c6f43a5944f7b49637e8, type: 2}
      propertyPath: m_LocalPosition.z
      value: 9.37
      objectReference: {fileID: 0}
    - target: {fileID: 493326, guid: ca6d39d5f952c6f43a5944f7b49637e8, type: 2}
      propertyPath: m_LocalRotation.x
      value: 0
      objectReference: {fileID: 0}
    - target: {fileID: 493326, guid: ca6d39d5f952c6f43a5944f7b49637e8, type: 2}
      propertyPath: m_LocalRotation.y
      value: 0.61351925
      objectReference: {fileID: 0}
    - target: {fileID: 493326, guid: ca6d39d5f952c6f43a5944f7b49637e8, type: 2}
      propertyPath: m_LocalRotation.z
      value: 0
      objectReference: {fileID: 0}
    - target: {fileID: 493326, guid: ca6d39d5f952c6f43a5944f7b49637e8, type: 2}
      propertyPath: m_LocalRotation.w
      value: 0.78967977
      objectReference: {fileID: 0}
    - target: {fileID: 493326, guid: ca6d39d5f952c6f43a5944f7b49637e8, type: 2}
      propertyPath: m_RootOrder
      value: 2
      objectReference: {fileID: 0}
    - target: {fileID: 11457540, guid: ca6d39d5f952c6f43a5944f7b49637e8, type: 2}
      propertyPath: associatedPoint
      value: 
      objectReference: {fileID: 1590891065}
    m_RemovedComponents: []
  m_ParentPrefab: {fileID: 100100000, guid: ca6d39d5f952c6f43a5944f7b49637e8, type: 2}
  m_IsPrefabParent: 0
--- !u!1 &1460109270
GameObject:
  m_ObjectHideFlags: 0
  m_PrefabParentObject: {fileID: 0}
  m_PrefabInternal: {fileID: 0}
  serializedVersion: 4
  m_Component:
  - 4: {fileID: 1460109272}
  - 114: {fileID: 1460109271}
  m_Layer: 0
  m_Name: 5Rails(Clone)
  m_TagString: Untagged
  m_Icon: {fileID: 0}
  m_NavMeshLayer: 0
  m_StaticEditorFlags: 0
  m_IsActive: 1
--- !u!114 &1460109271
MonoBehaviour:
  m_ObjectHideFlags: 0
  m_PrefabParentObject: {fileID: 0}
  m_PrefabInternal: {fileID: 0}
  m_GameObject: {fileID: 1460109270}
  m_Enabled: 1
  m_EditorHideFlags: 0
  m_Script: {fileID: 11500000, guid: 18899cea572a9bc499c376d784736451, type: 3}
  m_Name: 
  m_EditorClassIdentifier: 
  road: {fileID: 415864166}
  rails:
  - {fileID: 1529173438}
  - {fileID: 1899524649}
  - {fileID: 926714963}
  - {fileID: 1012272897}
  - {fileID: 432434749}
  isTurnNode: 1
  masterTurn: 1
  isLimitPoint: 0
  slaveNode: {fileID: 867871006}
  rotationArea: {fileID: 2001469601}
  pivotOffset: 21.2
  turnPivotCenter: {x: 25.2, y: -1, z: 25.48}
  turnPivotAxis: 1
  turnPivotDirection: 0
  turnAngle: 90
  moduleOnPoint: {fileID: 0}
  entitiesOnPoint: []
  localEntitiesPositions: []
--- !u!4 &1460109272
Transform:
  m_ObjectHideFlags: 0
  m_PrefabParentObject: {fileID: 0}
  m_PrefabInternal: {fileID: 0}
  m_GameObject: {fileID: 1460109270}
  m_LocalRotation: {x: 0, y: 0, z: 0, w: 1}
  m_LocalPosition: {x: 0, y: 0, z: 40}
  m_LocalScale: {x: 1, y: 1, z: 1}
  m_Children:
  - {fileID: 1529173438}
  - {fileID: 1899524649}
  - {fileID: 926714963}
  - {fileID: 1012272897}
  - {fileID: 432434749}
  - {fileID: 2001469600}
  - {fileID: 867871008}
  m_Father: {fileID: 1590891064}
  m_RootOrder: 5
--- !u!1 &1472225732
GameObject:
  m_ObjectHideFlags: 0
  m_PrefabParentObject: {fileID: 0}
  m_PrefabInternal: {fileID: 0}
  serializedVersion: 4
  m_Component:
  - 4: {fileID: 1472225733}
  m_Layer: 0
  m_Name: Rail0
  m_TagString: Untagged
  m_Icon: {fileID: 0}
  m_NavMeshLayer: 0
  m_StaticEditorFlags: 0
  m_IsActive: 1
--- !u!4 &1472225733
Transform:
  m_ObjectHideFlags: 0
  m_PrefabParentObject: {fileID: 0}
  m_PrefabInternal: {fileID: 0}
  m_GameObject: {fileID: 1472225732}
  m_LocalRotation: {x: 0, y: 0, z: 0, w: 1}
  m_LocalPosition: {x: -4, y: 0, z: 0}
  m_LocalScale: {x: 1.5, y: 1, z: 1.5}
  m_Children: []
  m_Father: {fileID: 867871008}
  m_RootOrder: 0
--- !u!1 &1510545035
GameObject:
  m_ObjectHideFlags: 0
  m_PrefabParentObject: {fileID: 0}
  m_PrefabInternal: {fileID: 0}
  serializedVersion: 4
  m_Component:
  - 4: {fileID: 1510545036}
  - 65: {fileID: 1510545038}
  - 114: {fileID: 1510545037}
  m_Layer: 0
  m_Name: ControlArea
  m_TagString: Untagged
  m_Icon: {fileID: 0}
  m_NavMeshLayer: 0
  m_StaticEditorFlags: 0
  m_IsActive: 0
--- !u!4 &1510545036
Transform:
  m_ObjectHideFlags: 0
  m_PrefabParentObject: {fileID: 0}
  m_PrefabInternal: {fileID: 0}
  m_GameObject: {fileID: 1510545035}
  m_LocalRotation: {x: 0, y: 0, z: 0, w: 1}
  m_LocalPosition: {x: 0, y: 0, z: 0}
  m_LocalScale: {x: 1, y: 1, z: 1}
  m_Children: []
  m_Father: {fileID: 2001469600}
  m_RootOrder: 0
--- !u!114 &1510545037
MonoBehaviour:
  m_ObjectHideFlags: 0
  m_PrefabParentObject: {fileID: 0}
  m_PrefabInternal: {fileID: 0}
  m_GameObject: {fileID: 1510545035}
  m_Enabled: 0
  m_EditorHideFlags: 0
  m_Script: {fileID: 11500000, guid: d510a5e32c37b2646925341d57ba1de4, type: 3}
  m_Name: 
  m_EditorClassIdentifier: 
--- !u!65 &1510545038
BoxCollider:
  m_ObjectHideFlags: 0
  m_PrefabParentObject: {fileID: 0}
  m_PrefabInternal: {fileID: 0}
  m_GameObject: {fileID: 1510545035}
  m_Material: {fileID: 0}
  m_IsTrigger: 1
  m_Enabled: 0
  serializedVersion: 2
  m_Size: {x: 10, y: 10, z: 2}
  m_Center: {x: 0, y: 0, z: -1}
--- !u!1001 &1517420268
Prefab:
  m_ObjectHideFlags: 0
  serializedVersion: 2
  m_Modification:
    m_TransformParent: {fileID: 406310244}
    m_Modifications:
    - target: {fileID: 448272, guid: d0e34c81e10f1c84b850e94651abf069, type: 2}
      propertyPath: m_LocalPosition.x
      value: 8.73
      objectReference: {fileID: 0}
    - target: {fileID: 448272, guid: d0e34c81e10f1c84b850e94651abf069, type: 2}
      propertyPath: m_LocalPosition.y
      value: 16.61
      objectReference: {fileID: 0}
    - target: {fileID: 448272, guid: d0e34c81e10f1c84b850e94651abf069, type: 2}
      propertyPath: m_LocalPosition.z
      value: 31.54
      objectReference: {fileID: 0}
    - target: {fileID: 448272, guid: d0e34c81e10f1c84b850e94651abf069, type: 2}
      propertyPath: m_LocalRotation.x
      value: 0
      objectReference: {fileID: 0}
    - target: {fileID: 448272, guid: d0e34c81e10f1c84b850e94651abf069, type: 2}
      propertyPath: m_LocalRotation.y
      value: 0.21479788
      objectReference: {fileID: 0}
    - target: {fileID: 448272, guid: d0e34c81e10f1c84b850e94651abf069, type: 2}
      propertyPath: m_LocalRotation.z
      value: 0
      objectReference: {fileID: 0}
    - target: {fileID: 448272, guid: d0e34c81e10f1c84b850e94651abf069, type: 2}
      propertyPath: m_LocalRotation.w
      value: 0.9766586
      objectReference: {fileID: 0}
    - target: {fileID: 448272, guid: d0e34c81e10f1c84b850e94651abf069, type: 2}
      propertyPath: m_RootOrder
      value: 4
      objectReference: {fileID: 0}
    - target: {fileID: 11426822, guid: d0e34c81e10f1c84b850e94651abf069, type: 2}
      propertyPath: associatedPoint
      value: 
      objectReference: {fileID: 1590891065}
    - target: {fileID: 5425074, guid: d0e34c81e10f1c84b850e94651abf069, type: 2}
      propertyPath: m_Mass
      value: 1
      objectReference: {fileID: 0}
    m_RemovedComponents: []
  m_ParentPrefab: {fileID: 100100000, guid: d0e34c81e10f1c84b850e94651abf069, type: 2}
  m_IsPrefabParent: 0
--- !u!1 &1523908093
GameObject:
  m_ObjectHideFlags: 0
  m_PrefabParentObject: {fileID: 0}
  m_PrefabInternal: {fileID: 0}
  serializedVersion: 4
  m_Component:
  - 4: {fileID: 1523908094}
  m_Layer: 0
  m_Name: Rail2
  m_TagString: Untagged
  m_Icon: {fileID: 0}
  m_NavMeshLayer: 0
  m_StaticEditorFlags: 0
  m_IsActive: 1
--- !u!4 &1523908094
Transform:
  m_ObjectHideFlags: 0
  m_PrefabParentObject: {fileID: 0}
  m_PrefabInternal: {fileID: 0}
  m_GameObject: {fileID: 1523908093}
  m_LocalRotation: {x: 0, y: 0, z: 0, w: 1}
  m_LocalPosition: {x: 0, y: 0, z: 0}
  m_LocalScale: {x: 1.5, y: 1, z: 1.5}
  m_Children: []
  m_Father: {fileID: 2011121847}
  m_RootOrder: 2
--- !u!1 &1529173437
GameObject:
  m_ObjectHideFlags: 0
  m_PrefabParentObject: {fileID: 0}
  m_PrefabInternal: {fileID: 0}
  serializedVersion: 4
  m_Component:
  - 4: {fileID: 1529173438}
  m_Layer: 0
  m_Name: Rail0
  m_TagString: Untagged
  m_Icon: {fileID: 0}
  m_NavMeshLayer: 0
  m_StaticEditorFlags: 0
  m_IsActive: 1
--- !u!4 &1529173438
Transform:
  m_ObjectHideFlags: 0
  m_PrefabParentObject: {fileID: 0}
  m_PrefabInternal: {fileID: 0}
  m_GameObject: {fileID: 1529173437}
  m_LocalRotation: {x: 0, y: 0, z: 0, w: 1}
  m_LocalPosition: {x: -4, y: 0, z: 0}
  m_LocalScale: {x: 1.5, y: 1, z: 1.5}
  m_Children: []
  m_Father: {fileID: 1460109272}
  m_RootOrder: 0
--- !u!20 &1582065392 stripped
Camera:
  m_PrefabParentObject: {fileID: 2092402, guid: aedb4b523f657a04aa76e11ccceac838,
    type: 2}
  m_PrefabInternal: {fileID: 1842627113}
--- !u!4 &1582065393 stripped
Transform:
  m_PrefabParentObject: {fileID: 496192, guid: aedb4b523f657a04aa76e11ccceac838, type: 2}
  m_PrefabInternal: {fileID: 1842627113}
--- !u!1001 &1583525079
Prefab:
  m_ObjectHideFlags: 0
  serializedVersion: 2
  m_Modification:
    m_TransformParent: {fileID: 0}
    m_Modifications:
    - target: {fileID: 22421080, guid: a24042a70c779d04db73717b1872b249, type: 2}
      propertyPath: m_LocalPosition.x
      value: 0
      objectReference: {fileID: 0}
    - target: {fileID: 22421080, guid: a24042a70c779d04db73717b1872b249, type: 2}
      propertyPath: m_LocalPosition.y
      value: 0
      objectReference: {fileID: 0}
    - target: {fileID: 22421080, guid: a24042a70c779d04db73717b1872b249, type: 2}
      propertyPath: m_LocalPosition.z
      value: 0
      objectReference: {fileID: 0}
    - target: {fileID: 22421080, guid: a24042a70c779d04db73717b1872b249, type: 2}
      propertyPath: m_LocalRotation.x
      value: 0
      objectReference: {fileID: 0}
    - target: {fileID: 22421080, guid: a24042a70c779d04db73717b1872b249, type: 2}
      propertyPath: m_LocalRotation.y
      value: 0
      objectReference: {fileID: 0}
    - target: {fileID: 22421080, guid: a24042a70c779d04db73717b1872b249, type: 2}
      propertyPath: m_LocalRotation.z
      value: 0
      objectReference: {fileID: 0}
    - target: {fileID: 22421080, guid: a24042a70c779d04db73717b1872b249, type: 2}
      propertyPath: m_LocalRotation.w
      value: 1
      objectReference: {fileID: 0}
    - target: {fileID: 22421080, guid: a24042a70c779d04db73717b1872b249, type: 2}
      propertyPath: m_RootOrder
      value: 28
      objectReference: {fileID: 0}
    - target: {fileID: 22421080, guid: a24042a70c779d04db73717b1872b249, type: 2}
      propertyPath: m_AnchoredPosition.x
      value: 0
      objectReference: {fileID: 0}
    - target: {fileID: 22421080, guid: a24042a70c779d04db73717b1872b249, type: 2}
      propertyPath: m_AnchoredPosition.y
      value: 0
      objectReference: {fileID: 0}
    - target: {fileID: 22421080, guid: a24042a70c779d04db73717b1872b249, type: 2}
      propertyPath: m_SizeDelta.x
      value: 0
      objectReference: {fileID: 0}
    - target: {fileID: 22421080, guid: a24042a70c779d04db73717b1872b249, type: 2}
      propertyPath: m_SizeDelta.y
      value: 0
      objectReference: {fileID: 0}
    - target: {fileID: 22421080, guid: a24042a70c779d04db73717b1872b249, type: 2}
      propertyPath: m_AnchorMin.x
      value: 0
      objectReference: {fileID: 0}
    - target: {fileID: 22421080, guid: a24042a70c779d04db73717b1872b249, type: 2}
      propertyPath: m_AnchorMin.y
      value: 0
      objectReference: {fileID: 0}
    - target: {fileID: 22421080, guid: a24042a70c779d04db73717b1872b249, type: 2}
      propertyPath: m_AnchorMax.x
      value: 0
      objectReference: {fileID: 0}
    - target: {fileID: 22421080, guid: a24042a70c779d04db73717b1872b249, type: 2}
      propertyPath: m_AnchorMax.y
      value: 0
      objectReference: {fileID: 0}
    - target: {fileID: 22421080, guid: a24042a70c779d04db73717b1872b249, type: 2}
      propertyPath: m_Pivot.x
      value: 0
      objectReference: {fileID: 0}
    - target: {fileID: 22421080, guid: a24042a70c779d04db73717b1872b249, type: 2}
      propertyPath: m_Pivot.y
      value: 0
      objectReference: {fileID: 0}
    - target: {fileID: 165846, guid: a24042a70c779d04db73717b1872b249, type: 2}
      propertyPath: m_IsActive
      value: 1
      objectReference: {fileID: 0}
    m_RemovedComponents: []
  m_ParentPrefab: {fileID: 100100000, guid: a24042a70c779d04db73717b1872b249, type: 2}
  m_IsPrefabParent: 0
--- !u!1 &1590891063
GameObject:
  m_ObjectHideFlags: 0
  m_PrefabParentObject: {fileID: 0}
  m_PrefabInternal: {fileID: 0}
  serializedVersion: 4
  m_Component:
  - 4: {fileID: 1590891064}
  - 114: {fileID: 1590891065}
  m_Layer: 0
  m_Name: 5Rails(Clone)
  m_TagString: Untagged
  m_Icon: {fileID: 0}
  m_NavMeshLayer: 0
  m_StaticEditorFlags: 0
  m_IsActive: 1
--- !u!4 &1590891064
Transform:
  m_ObjectHideFlags: 0
  m_PrefabParentObject: {fileID: 0}
  m_PrefabInternal: {fileID: 0}
  m_GameObject: {fileID: 1590891063}
  m_LocalRotation: {x: 0, y: 0, z: 0, w: 1}
  m_LocalPosition: {x: 0, y: -1, z: 0}
  m_LocalScale: {x: 1, y: 1, z: 1}
  m_Children:
  - {fileID: 1334353198}
  - {fileID: 2068570052}
  - {fileID: 805115365}
  - {fileID: 1785689256}
  - {fileID: 107369022}
  - {fileID: 1460109272}
  m_Father: {fileID: 1198038834}
  m_RootOrder: 0
--- !u!114 &1590891065
MonoBehaviour:
  m_ObjectHideFlags: 0
  m_PrefabParentObject: {fileID: 0}
  m_PrefabInternal: {fileID: 0}
  m_GameObject: {fileID: 1590891063}
  m_Enabled: 1
  m_EditorHideFlags: 0
  m_Script: {fileID: 11500000, guid: 18899cea572a9bc499c376d784736451, type: 3}
  m_Name: 
  m_EditorClassIdentifier: 
  road: {fileID: 415864166}
  rails:
  - {fileID: 1334353198}
  - {fileID: 2068570052}
  - {fileID: 805115365}
  - {fileID: 1785689256}
  - {fileID: 107369022}
  isTurnNode: 0
  masterTurn: 0
  isLimitPoint: 0
  slaveNode: {fileID: 0}
  rotationArea: {fileID: 0}
  pivotOffset: 0
  turnPivotCenter: {x: 0, y: 0, z: 0}
  turnPivotAxis: 1
  turnPivotDirection: 0
  turnAngle: 0
  moduleOnPoint: {fileID: 0}
  entitiesOnPoint:
  - {fileID: 67778424}
  - {fileID: 0}
  - {fileID: 0}
  - {fileID: 0}
  - {fileID: 0}
  - {fileID: 0}
  - {fileID: 0}
  - {fileID: 0}
  - {fileID: 0}
  - {fileID: 0}
  - {fileID: 0}
  - {fileID: 0}
  - {fileID: 0}
  - {fileID: 1846165647}
  - {fileID: 188151284}
  - {fileID: 1324409841}
  - {fileID: 625702944}
  - {fileID: 870836910}
  - {fileID: 1434298591}
  - {fileID: 9875685}
  - {fileID: 169437350}
  localEntitiesPositions:
  - {x: -0.17997923, y: 0, z: 64.2}
  - {x: 0.0006701797, y: 0, z: 16.98937}
  - {x: 0.0006701797, y: 0, z: 16.98937}
  - {x: 0.0006701797, y: 0, z: 16.98937}
  - {x: 0.0006701797, y: 0, z: 16.98937}
  - {x: 0.0006701797, y: 0, z: 16.98937}
  - {x: 0.0006701797, y: 0, z: 16.98937}
  - {x: 0.0006701797, y: 0, z: 16.98937}
  - {x: 0.0006701797, y: 0, z: 16.98937}
  - {x: 0.0006701797, y: 0, z: 16.98937}
  - {x: 0.0006701797, y: 0, z: 16.98937}
  - {x: 0.0006701797, y: 0, z: 16.98937}
  - {x: 0.0006701797, y: 0, z: 16.98937}
  - {x: 9.89, y: 0, z: 40.800003}
  - {x: 8.73, y: 16.6, z: 46.06}
  - {x: 8.73, y: 17.61, z: 46.06}
  - {x: 8.73, y: 18.62, z: 46.06}
  - {x: 8.73, y: 19.63, z: 46.06}
  - {x: 6.317792, y: 0, z: 29.694239}
  - {x: 6.35, y: 0, z: 27.03}
  - {x: 10.32, y: 0, z: 23.89}
--- !u!1001 &1594353452
Prefab:
  m_ObjectHideFlags: 0
  serializedVersion: 2
  m_Modification:
    m_TransformParent: {fileID: 135032841}
    m_Modifications:
    - target: {fileID: 425682, guid: 3a7a8916f0744e84080abb2c14f47a88, type: 2}
      propertyPath: m_LocalPosition.x
      value: 6.35
      objectReference: {fileID: 0}
    - target: {fileID: 425682, guid: 3a7a8916f0744e84080abb2c14f47a88, type: 2}
      propertyPath: m_LocalPosition.y
      value: -1
      objectReference: {fileID: 0}
    - target: {fileID: 425682, guid: 3a7a8916f0744e84080abb2c14f47a88, type: 2}
      propertyPath: m_LocalPosition.z
      value: 12.51
      objectReference: {fileID: 0}
    - target: {fileID: 425682, guid: 3a7a8916f0744e84080abb2c14f47a88, type: 2}
      propertyPath: m_LocalRotation.x
      value: 0
      objectReference: {fileID: 0}
    - target: {fileID: 425682, guid: 3a7a8916f0744e84080abb2c14f47a88, type: 2}
      propertyPath: m_LocalRotation.y
      value: 0.41815066
      objectReference: {fileID: 0}
    - target: {fileID: 425682, guid: 3a7a8916f0744e84080abb2c14f47a88, type: 2}
      propertyPath: m_LocalRotation.z
      value: 0
      objectReference: {fileID: 0}
    - target: {fileID: 425682, guid: 3a7a8916f0744e84080abb2c14f47a88, type: 2}
      propertyPath: m_LocalRotation.w
      value: 0.9083777
      objectReference: {fileID: 0}
    - target: {fileID: 425682, guid: 3a7a8916f0744e84080abb2c14f47a88, type: 2}
      propertyPath: m_RootOrder
      value: 1
      objectReference: {fileID: 0}
    - target: {fileID: 11402544, guid: 3a7a8916f0744e84080abb2c14f47a88, type: 2}
      propertyPath: associatedPoint
      value: 
      objectReference: {fileID: 1590891065}
    m_RemovedComponents: []
  m_ParentPrefab: {fileID: 100100000, guid: 3a7a8916f0744e84080abb2c14f47a88, type: 2}
  m_IsPrefabParent: 0
--- !u!1 &1666458568
GameObject:
  m_ObjectHideFlags: 0
  m_PrefabParentObject: {fileID: 0}
  m_PrefabInternal: {fileID: 0}
  serializedVersion: 4
  m_Component:
  - 4: {fileID: 1666458569}
  m_Layer: 0
  m_Name: Rail1
  m_TagString: Untagged
  m_Icon: {fileID: 0}
  m_NavMeshLayer: 0
  m_StaticEditorFlags: 0
  m_IsActive: 1
--- !u!4 &1666458569
Transform:
  m_ObjectHideFlags: 0
  m_PrefabParentObject: {fileID: 0}
  m_PrefabInternal: {fileID: 0}
  m_GameObject: {fileID: 1666458568}
  m_LocalRotation: {x: 0, y: 0, z: 0, w: 1}
  m_LocalPosition: {x: -2, y: 0, z: 0}
  m_LocalScale: {x: 1.5, y: 1, z: 1.5}
  m_Children: []
  m_Father: {fileID: 2011121847}
  m_RootOrder: 1
--- !u!1 &1767250819
GameObject:
  m_ObjectHideFlags: 0
  m_PrefabParentObject: {fileID: 0}
  m_PrefabInternal: {fileID: 0}
  serializedVersion: 4
  m_Component:
  - 4: {fileID: 1767250820}
  m_Layer: 0
  m_Name: Buildings
  m_TagString: Untagged
  m_Icon: {fileID: 0}
  m_NavMeshLayer: 0
  m_StaticEditorFlags: 0
  m_IsActive: 1
--- !u!4 &1767250820
Transform:
  m_ObjectHideFlags: 0
  m_PrefabParentObject: {fileID: 0}
  m_PrefabInternal: {fileID: 0}
  m_GameObject: {fileID: 1767250819}
  m_LocalRotation: {x: 0, y: 0, z: 0, w: 1}
  m_LocalPosition: {x: 0, y: 0, z: 0}
  m_LocalScale: {x: 1, y: 1, z: 1}
  m_Children: []
  m_Father: {fileID: 406310244}
  m_RootOrder: 0
--- !u!1 &1785689255
GameObject:
  m_ObjectHideFlags: 0
  m_PrefabParentObject: {fileID: 0}
  m_PrefabInternal: {fileID: 0}
  serializedVersion: 4
  m_Component:
  - 4: {fileID: 1785689256}
  m_Layer: 0
  m_Name: Rail3
  m_TagString: Untagged
  m_Icon: {fileID: 0}
  m_NavMeshLayer: 0
  m_StaticEditorFlags: 0
  m_IsActive: 1
--- !u!4 &1785689256
Transform:
  m_ObjectHideFlags: 0
  m_PrefabParentObject: {fileID: 0}
  m_PrefabInternal: {fileID: 0}
  m_GameObject: {fileID: 1785689255}
  m_LocalRotation: {x: 0, y: 0, z: 0, w: 1}
  m_LocalPosition: {x: 2, y: 0, z: 0}
  m_LocalScale: {x: 1.5, y: 1, z: 1.5}
  m_Children: []
  m_Father: {fileID: 1590891064}
  m_RootOrder: 3
--- !u!1001 &1803470002
Prefab:
  m_ObjectHideFlags: 0
  serializedVersion: 2
  m_Modification:
    m_TransformParent: {fileID: 689766931}
    m_Modifications:
    - target: {fileID: 455458, guid: 4dc51937729e3d645a3ca6d0b496a6d6, type: 2}
      propertyPath: m_LocalPosition.x
      value: 0
      objectReference: {fileID: 0}
    - target: {fileID: 455458, guid: 4dc51937729e3d645a3ca6d0b496a6d6, type: 2}
      propertyPath: m_LocalPosition.y
      value: -0.5
      objectReference: {fileID: 0}
    - target: {fileID: 455458, guid: 4dc51937729e3d645a3ca6d0b496a6d6, type: 2}
      propertyPath: m_LocalPosition.z
      value: -2.1
      objectReference: {fileID: 0}
    - target: {fileID: 455458, guid: 4dc51937729e3d645a3ca6d0b496a6d6, type: 2}
      propertyPath: m_LocalRotation.x
      value: 0
      objectReference: {fileID: 0}
    - target: {fileID: 455458, guid: 4dc51937729e3d645a3ca6d0b496a6d6, type: 2}
      propertyPath: m_LocalRotation.y
      value: 0
      objectReference: {fileID: 0}
    - target: {fileID: 455458, guid: 4dc51937729e3d645a3ca6d0b496a6d6, type: 2}
      propertyPath: m_LocalRotation.z
      value: 0
      objectReference: {fileID: 0}
    - target: {fileID: 455458, guid: 4dc51937729e3d645a3ca6d0b496a6d6, type: 2}
      propertyPath: m_LocalRotation.w
      value: 1
      objectReference: {fileID: 0}
    - target: {fileID: 455458, guid: 4dc51937729e3d645a3ca6d0b496a6d6, type: 2}
      propertyPath: m_RootOrder
      value: 1
      objectReference: {fileID: 0}
    - target: {fileID: 11442384, guid: 4dc51937729e3d645a3ca6d0b496a6d6, type: 2}
      propertyPath: playerMovementController
      value: 
      objectReference: {fileID: 787506201}
    m_RemovedComponents: []
  m_ParentPrefab: {fileID: 100100000, guid: 4dc51937729e3d645a3ca6d0b496a6d6, type: 2}
  m_IsPrefabParent: 0
--- !u!1001 &1842627113
Prefab:
  m_ObjectHideFlags: 0
  serializedVersion: 2
  m_Modification:
    m_TransformParent: {fileID: 689766931}
    m_Modifications:
    - target: {fileID: 496192, guid: aedb4b523f657a04aa76e11ccceac838, type: 2}
      propertyPath: m_LocalPosition.x
      value: 0
      objectReference: {fileID: 0}
    - target: {fileID: 496192, guid: aedb4b523f657a04aa76e11ccceac838, type: 2}
      propertyPath: m_LocalPosition.y
      value: 2
      objectReference: {fileID: 0}
    - target: {fileID: 496192, guid: aedb4b523f657a04aa76e11ccceac838, type: 2}
      propertyPath: m_LocalPosition.z
      value: -4.87
      objectReference: {fileID: 0}
    - target: {fileID: 496192, guid: aedb4b523f657a04aa76e11ccceac838, type: 2}
      propertyPath: m_LocalRotation.x
      value: 0
      objectReference: {fileID: 0}
    - target: {fileID: 496192, guid: aedb4b523f657a04aa76e11ccceac838, type: 2}
      propertyPath: m_LocalRotation.y
      value: 0
      objectReference: {fileID: 0}
    - target: {fileID: 496192, guid: aedb4b523f657a04aa76e11ccceac838, type: 2}
      propertyPath: m_LocalRotation.z
      value: 0
      objectReference: {fileID: 0}
    - target: {fileID: 496192, guid: aedb4b523f657a04aa76e11ccceac838, type: 2}
      propertyPath: m_LocalRotation.w
      value: 1
      objectReference: {fileID: 0}
    - target: {fileID: 496192, guid: aedb4b523f657a04aa76e11ccceac838, type: 2}
      propertyPath: m_RootOrder
      value: 2
      objectReference: {fileID: 0}
    - target: {fileID: 109398, guid: aedb4b523f657a04aa76e11ccceac838, type: 2}
      propertyPath: m_Name
      value: Main Camera
      objectReference: {fileID: 0}
    - target: {fileID: 11492272, guid: aedb4b523f657a04aa76e11ccceac838, type: 2}
      propertyPath: cameraArm
      value: 
      objectReference: {fileID: 167940587}
    m_RemovedComponents: []
  m_ParentPrefab: {fileID: 100100000, guid: aedb4b523f657a04aa76e11ccceac838, type: 2}
  m_IsPrefabParent: 0
--- !u!1 &1846165647 stripped
GameObject:
  m_PrefabParentObject: {fileID: 117772, guid: 4d7366779b48a4c4f8d5ff0423882492, type: 2}
  m_PrefabInternal: {fileID: 2034951777}
--- !u!4 &1846165652 stripped
Transform:
  m_PrefabParentObject: {fileID: 402932, guid: 4d7366779b48a4c4f8d5ff0423882492, type: 2}
  m_PrefabInternal: {fileID: 2034951777}
--- !u!65 &1846165653
BoxCollider:
  m_ObjectHideFlags: 0
  m_PrefabParentObject: {fileID: 0}
  m_PrefabInternal: {fileID: 0}
  m_GameObject: {fileID: 1846165647}
  m_Material: {fileID: 0}
  m_IsTrigger: 0
  m_Enabled: 1
  serializedVersion: 2
  m_Size: {x: 5.5, y: 0.1, z: 5.97}
  m_Center: {x: -4.31, y: 16.69, z: 0.04}
--- !u!1 &1899524648
GameObject:
  m_ObjectHideFlags: 0
  m_PrefabParentObject: {fileID: 0}
  m_PrefabInternal: {fileID: 0}
  serializedVersion: 4
  m_Component:
  - 4: {fileID: 1899524649}
  m_Layer: 0
  m_Name: Rail1
  m_TagString: Untagged
  m_Icon: {fileID: 0}
  m_NavMeshLayer: 0
  m_StaticEditorFlags: 0
  m_IsActive: 1
--- !u!4 &1899524649
Transform:
  m_ObjectHideFlags: 0
  m_PrefabParentObject: {fileID: 0}
  m_PrefabInternal: {fileID: 0}
  m_GameObject: {fileID: 1899524648}
  m_LocalRotation: {x: 0, y: 0, z: 0, w: 1}
  m_LocalPosition: {x: -2, y: 0, z: 0}
  m_LocalScale: {x: 1.5, y: 1, z: 1.5}
  m_Children: []
  m_Father: {fileID: 1460109272}
  m_RootOrder: 1
--- !u!1 &2001469599
GameObject:
  m_ObjectHideFlags: 0
  m_PrefabParentObject: {fileID: 0}
  m_PrefabInternal: {fileID: 0}
  serializedVersion: 4
  m_Component:
  - 4: {fileID: 2001469600}
  - 65: {fileID: 2001469602}
  - 114: {fileID: 2001469601}
  m_Layer: 0
  m_Name: RotationArea(Clone)
  m_TagString: Untagged
  m_Icon: {fileID: 0}
  m_NavMeshLayer: 0
  m_StaticEditorFlags: 0
  m_IsActive: 1
--- !u!4 &2001469600
Transform:
  m_ObjectHideFlags: 0
  m_PrefabParentObject: {fileID: 0}
  m_PrefabInternal: {fileID: 0}
  m_GameObject: {fileID: 2001469599}
  m_LocalRotation: {x: 0, y: 0, z: 0, w: 1}
  m_LocalPosition: {x: 0, y: 0, z: 0}
  m_LocalScale: {x: 1, y: 1, z: 1}
  m_Children:
  - {fileID: 1510545036}
  m_Father: {fileID: 1460109272}
  m_RootOrder: 5
--- !u!114 &2001469601
MonoBehaviour:
  m_ObjectHideFlags: 0
  m_PrefabParentObject: {fileID: 0}
  m_PrefabInternal: {fileID: 0}
  m_GameObject: {fileID: 2001469599}
  m_Enabled: 1
  m_EditorHideFlags: 0
  m_Script: {fileID: 11500000, guid: 68b7b9e17bf5bfa499774d261eee5a4a, type: 3}
  m_Name: 
  m_EditorClassIdentifier: 
  roadPoint: {fileID: 1460109271}
  pivot: {x: 25.2, y: -1, z: 25.48}
  rotationAngle: 90
  axis: 1
  turnDirection: 0
  entered: 0
  actualAxis: {x: 0, y: 0, z: 0}
  finalRotation: {x: 0, y: 0.7071068, z: 0, w: 0.70710677}
--- !u!65 &2001469602
BoxCollider:
  m_ObjectHideFlags: 0
  m_PrefabParentObject: {fileID: 0}
  m_PrefabInternal: {fileID: 0}
  m_GameObject: {fileID: 2001469599}
  m_Material: {fileID: 0}
  m_IsTrigger: 1
  m_Enabled: 1
  serializedVersion: 2
  m_Size: {x: 10, y: 10, z: 0.2}
  m_Center: {x: 0, y: 0, z: 0.1}
--- !u!1 &2011121845
GameObject:
  m_ObjectHideFlags: 0
  m_PrefabParentObject: {fileID: 0}
  m_PrefabInternal: {fileID: 0}
  serializedVersion: 4
  m_Component:
  - 4: {fileID: 2011121847}
  - 114: {fileID: 2011121846}
  m_Layer: 0
  m_Name: 5Rails(Clone)
  m_TagString: Untagged
  m_Icon: {fileID: 0}
  m_NavMeshLayer: 0
  m_StaticEditorFlags: 0
  m_IsActive: 1
--- !u!114 &2011121846
MonoBehaviour:
  m_ObjectHideFlags: 0
  m_PrefabParentObject: {fileID: 0}
  m_PrefabInternal: {fileID: 0}
  m_GameObject: {fileID: 2011121845}
  m_Enabled: 1
  m_EditorHideFlags: 0
  m_Script: {fileID: 11500000, guid: 18899cea572a9bc499c376d784736451, type: 3}
  m_Name: 
  m_EditorClassIdentifier: 
  road: {fileID: 415864166}
  rails:
  - {fileID: 2110872368}
  - {fileID: 1666458569}
  - {fileID: 1523908094}
  - {fileID: 79808681}
  - {fileID: 501247859}
  isTurnNode: 0
  masterTurn: 0
  isLimitPoint: 0
  slaveNode: {fileID: 0}
  rotationArea: {fileID: 0}
  pivotOffset: 0
  turnPivotCenter: {x: 0, y: 0, z: 0}
  turnPivotAxis: 1
  turnPivotDirection: 0
  turnAngle: 0
  moduleOnPoint: {fileID: 0}
  entitiesOnPoint: []
  localEntitiesPositions: []
--- !u!4 &2011121847
Transform:
  m_ObjectHideFlags: 0
  m_PrefabParentObject: {fileID: 0}
  m_PrefabInternal: {fileID: 0}
  m_GameObject: {fileID: 2011121845}
  m_LocalRotation: {x: 0, y: 0, z: 0, w: 1}
  m_LocalPosition: {x: 0, y: 0, z: 40}
  m_LocalScale: {x: 1, y: 1, z: 1}
  m_Children:
  - {fileID: 2110872368}
  - {fileID: 1666458569}
  - {fileID: 1523908094}
  - {fileID: 79808681}
  - {fileID: 501247859}
  m_Father: {fileID: 867871008}
  m_RootOrder: 5
--- !u!1001 &2034951777
Prefab:
  m_ObjectHideFlags: 0
  serializedVersion: 2
  m_Modification:
    m_TransformParent: {fileID: 406310244}
    m_Modifications:
    - target: {fileID: 402932, guid: 4d7366779b48a4c4f8d5ff0423882492, type: 2}
      propertyPath: m_LocalPosition.x
      value: 9.89
      objectReference: {fileID: 0}
    - target: {fileID: 402932, guid: 4d7366779b48a4c4f8d5ff0423882492, type: 2}
      propertyPath: m_LocalPosition.y
      value: -1
      objectReference: {fileID: 0}
    - target: {fileID: 402932, guid: 4d7366779b48a4c4f8d5ff0423882492, type: 2}
      propertyPath: m_LocalPosition.z
      value: 26.28
      objectReference: {fileID: 0}
    - target: {fileID: 402932, guid: 4d7366779b48a4c4f8d5ff0423882492, type: 2}
      propertyPath: m_LocalRotation.x
      value: 0
      objectReference: {fileID: 0}
    - target: {fileID: 402932, guid: 4d7366779b48a4c4f8d5ff0423882492, type: 2}
      propertyPath: m_LocalRotation.y
      value: 0.84248686
      objectReference: {fileID: 0}
    - target: {fileID: 402932, guid: 4d7366779b48a4c4f8d5ff0423882492, type: 2}
      propertyPath: m_LocalRotation.z
      value: 0
      objectReference: {fileID: 0}
    - target: {fileID: 402932, guid: 4d7366779b48a4c4f8d5ff0423882492, type: 2}
      propertyPath: m_LocalRotation.w
      value: 0.5387169
      objectReference: {fileID: 0}
    - target: {fileID: 402932, guid: 4d7366779b48a4c4f8d5ff0423882492, type: 2}
      propertyPath: m_RootOrder
      value: 2
      objectReference: {fileID: 0}
    - target: {fileID: 11411736, guid: 4d7366779b48a4c4f8d5ff0423882492, type: 2}
      propertyPath: associatedPoint
      value: 
      objectReference: {fileID: 1590891065}
    m_RemovedComponents: []
  m_ParentPrefab: {fileID: 100100000, guid: 4d7366779b48a4c4f8d5ff0423882492, type: 2}
  m_IsPrefabParent: 0
--- !u!1 &2068570051
GameObject:
  m_ObjectHideFlags: 0
  m_PrefabParentObject: {fileID: 0}
  m_PrefabInternal: {fileID: 0}
  serializedVersion: 4
  m_Component:
  - 4: {fileID: 2068570052}
  m_Layer: 0
  m_Name: Rail1
  m_TagString: Untagged
  m_Icon: {fileID: 0}
  m_NavMeshLayer: 0
  m_StaticEditorFlags: 0
  m_IsActive: 1
--- !u!4 &2068570052
Transform:
  m_ObjectHideFlags: 0
  m_PrefabParentObject: {fileID: 0}
  m_PrefabInternal: {fileID: 0}
  m_GameObject: {fileID: 2068570051}
  m_LocalRotation: {x: 0, y: 0, z: 0, w: 1}
  m_LocalPosition: {x: -2, y: 0, z: 0}
  m_LocalScale: {x: 1.5, y: 1, z: 1.5}
  m_Children: []
  m_Father: {fileID: 1590891064}
  m_RootOrder: 1
--- !u!1 &2110872367
GameObject:
  m_ObjectHideFlags: 0
  m_PrefabParentObject: {fileID: 0}
  m_PrefabInternal: {fileID: 0}
  serializedVersion: 4
  m_Component:
  - 4: {fileID: 2110872368}
  m_Layer: 0
  m_Name: Rail0
  m_TagString: Untagged
  m_Icon: {fileID: 0}
  m_NavMeshLayer: 0
  m_StaticEditorFlags: 0
  m_IsActive: 1
--- !u!4 &2110872368
Transform:
  m_ObjectHideFlags: 0
  m_PrefabParentObject: {fileID: 0}
  m_PrefabInternal: {fileID: 0}
  m_GameObject: {fileID: 2110872367}
  m_LocalRotation: {x: 0, y: 0, z: 0, w: 1}
  m_LocalPosition: {x: -4, y: 0, z: 0}
  m_LocalScale: {x: 1.5, y: 1, z: 1.5}
  m_Children: []
  m_Father: {fileID: 2011121847}
  m_RootOrder: 0
